1958 3308
213 207 271 261 nn
295 208 430 264 anino
455 208 638 277 analeo,
662 208 739 263 arn.
764 211 809 264 vl.
878 224 911 278 13

121 354 149 401 et
162 348 283 402 Martem
295 356 324 402 et
334 349 433 417 Jovem
444 356 473 403 et
485 348 642 403 Minervam
655 367 661 403 :
676 348 712 403 de
729 349 782 403 his·
792 348 912 404 eandem

119 429 185 499 iere,
215 446 301 500 quarn
329 429 443 501 reliquae
471 439 577 500 gentes,
600 431 705 486 habent
734 431 893 500 opinionem
900 451 908 497 ;

120 512 280 582 Apollinem
303 514 416 567 morbos
440 513 585 584 depellere,
611 513 768 568 Minervam
797 530 910 584 operum

120 604 204 665 atque
214 593 392 650 artificiorum
404 596 483 651 initia
490 596 634 651 transdere
640 616 648 662 ;
660 598 759 667 Jovem
766 597 909 666 imperium

121 677 276 731 coelestium
300 686 413 743 tenere;
441 679 564 732 Martem
581 679 654 732 bella
676 694 777 748 regere.
827 679 910 748 Huic,

121 776 206 829 quum
222 759 321 829 proelio
334 760 467 815 dimicare
485 760 692 830 constituerunt,
710 778 751 830 ea,
764 778 827 831 quae
838 762 910 816 bello

121 843 252 914 ceperint,
264 843 427 913 plerumque
444 842 588 898 devovent
626 843 697 912 Quae
715 844 910 913 superaverint,

120 925 253 979 animalia
275 934 360 994 capta
383 925 548 992 immolant3
573 925 693 996 reliquas
710 943 755 981 res
772 926 802 980 iu
824 943 910 980 unum

120 1007 213 1062 Iocum
241 1008 393 1062 conserunt
450 1008 547 1063 Multis
571 1009 601 1062 in
626 1008 782 1063 civitatibus
812 1009 909 1063 harum

119 1106 212 1144 rerum
223 1099 376 1144 exstructos
388 1090 510 1144 tumulos
521 1090 590 1144 locIs
603 1091 772 1145 consecratis
786 1091 909 1160 conspic-

120 1172 162 1225 ari
174 1172 254 1227 licet:
275 1189 365 1242 neque
378 1189 452 1242 saepe
464 1173 575 1240 accidit,
587 1181 626 1241 ut,
635 1173 761 1241 neglecta
771 1173 908 1243 quispiam

119 1254 259 1323 religione,
279 1264 326 1309 aut
346 1263 429 1324 capta
444 1255 517 1325 apud
536 1270 567 1309 se
588 1255 733 1324 occultare,
756 1263 804 1310 aut
819 1255 911 1325 posita

120 1338 216 1392 tollere
233 1338 348 1392 auderet
357 1357 366 1403 ;
378 1338 628 1408 gravissimumque
645 1336 670 1392 ei
688 1337 727 1392 rei
746 1337 911 1407 supplicium

121 1435 185 1474 curn
197 1420 320 1474 cruciatu
333 1419 514 1475 constitutum
525 1428 575 1474 est

155 1503 266 1556 XVIII.
288 1502 360 1557 Galli
374 1518 404 1556 se
416 1519 513 1558 omnes
531 1503 568 1556 ab
587 1501 654 1556 Dite
671 1510 749 1572 patre
761 1509 910 1572 prognatos

120 1585 281 1655 praedicant,
305 1584 389 1655 idque
410 1585 447 1638 ab
468 1583 622 1639 Druidibus
642 1580 783 1654 proditum
806 1585 909 1639 dicunt.

121 1668 167 1722 Ob
179 1683 242 1722 eam
255 1684 376 1736 causam,
389 1667 480 1738 spatia
492 1667 582 1722 omnis
591 1667 723 1737 temporis
731 1685 787 1721 non
795 1684 910 1722 numero

120 1750 235 1818 dierum,
248 1751 297 1804 sed
309 1750 442 1818 noctium,
454 1750 569 1816 finiunt;
590 1749 650 1804 dies
662 1750 769 1804 natales
787 1759 815 1804 et
833 1767 909 1804 men·

119 1832 192 1886 sium
210 1841 239 1887 et
255 1849 391 1886 annorum
414 1831 493 1886 initia
513 1832 553 1887 sic
573 1833 728 1901 observant,
741 1824 778 1887 ¹ut
798 1842 909 1888 noctem

123 1915 183 1969 dies
204 1916 394 1985 subsequatur.
432 1917 467 1969 In
484 1915 596 1985 reliquis
614 1915 679 1968 vitae
697 1914 838 1983 institutis,
855 1915 909 1969 hoc

121 2001 179 2055 fere
197 2000 233 2054 ab
253 2000 365 2069 reliquis
383 2000 519 2068 differunt,
542 2000 617 2070 quod
638 2017 703 2055 suos
727 2003 839 2073 liberos,
858 2005 912 2059 nisi

122 2101 209 2154 quum
220 2083 398 2151 adoleverint,
410 2091 441 2136 ut
459 2099 559 2135 munus
576 2082 683 2137 militiae
701 2084 836 2141 sustinere
847 2104 910 2156 pos·

122 2167 186 2235 sint,
207 2167 300 2235 palam
319 2166 356 2219 ad
375 2181 406 2219 se
424 2166 501 2220 adire
516 2181 574 2219 non
592 2166 750 2235 patiuntur;
770 2168 912 2242 filiumque

122 2248 219 2319 puerili
237 2257 319 2303 aetate
332 2247 360 2300 in
374 2248 494 2316 publico,
507 2247 536 2300 in
548 2258 698 2320 conspectu
710 2251 804 2321 patris,
817 2253 911 2310 assist-

121 2347 177 2401 ere,
189 2339 269 2401 turpe
281 2330 392 2384 ducunt.

155 2419 235 2472 XIX.
266 2417 333 2484 Viri,
355 2424 474 2485 quantas
485 2417 618 2484 pecunias
637 2420 674 2473 ab
691 2422 820 2477 uxoribus
839 2424 911 2482 dotis

119 2501 233 2555 nomine
245 2507 421 2567 acceperunt,
439 2506 530 2552 tantas
551 2516 585 2553 ex
607 2501 664 2554 suis
682 2503 772 2573 bonis,
790 2507 911 2562 aestima·

117 2578 196 2638 tlone
217 2580 301 2648 facta,
325 2595 389 2633 cum
413 2578 525 2634 dotibus
553 2583 767 2641 communicant
818 2589 910 2658 Hujus

79 2669 83 2675 ’
116 2662 211 2723 omnis
220 2662 346 2734 pecuniae
358 2661 526 2730 conjunctim
539 2665 607 2718 ratio
617 2665 742 2736 habetur,
752 2669 910 2741 fructusque

119 2753 284 2803 servantur:
301 2753 362 2799 uter
373 2759 468 2799 eorum
480 2744 537 2797 vita
549 2748 690 2817 superarit,
709 2750 747 2804 ad
764 2767 828 2805 eum
845 2769 909 2823 pars
