1958 3308
179 219 236 272 DE
259 220 393 274 BELLO
418 220 599 290 GALLJco,
623 223 699 277 LIB.
725 223 769 278 Vl.
836 236 867 288 27

82 358 149 413 hinc
172 359 296 414 celeriter
321 360 420 431 dejecti
444 361 527 415 sein
551 360 631 430 signa
658 360 870 431 manipulosque

83 441 251 510 conjiciunt:
280 459 314 497 eo
337 443 427 511 magis
450 443 562 497 timidos
587 452 738 512 perterrent
760 443 869 497 milites

82 523 146 592 Alii,
160 541 247 578 cuneo
266 525 341 580 facto
359 535 390 579 ut
408 525 532 580 celeriter
550 535 735 596 perrumpant,
749 535 870 593 censent,

83 605 214 674 quoniam
238 615 297 661 tam
319 607 474 678 propinqua
494 607 550 661 sint
570 617 676 672 castra;
704 616 741 676 et,
762 608 785 661 si
805 623 870 676 pars

82 686 173 756 aliqua
201 688 389 743 circumventa
411 689 549 758 ceciderit,
572 699 601 743 at
624 690 744 759 reliquos
768 689 869 744 servari

82 785 165 837 posse
184 771 345 826 confidunt:
365 771 420 841 alii,
435 781 465 826 ut
485 772 514 824 in
528 772 596 841 jugo
615 771 776 840 consistant,
788 782 871 841 atque

83 852 202 906 eundem
226 869 322 906 omnes
345 853 435 916 ferant
458 871 561 909 casum.
599 855 664 909 Hoc
683 862 790 908 veteres
813 869 870 907 non

83 933 201 1002 probant
230 935 339 1004 milites,
363 952 433 1005 quos
457 937 509 989 sub
531 936 630 990 vexillo
653 937 710 989 una
733 935 870 1004 profectos

83 1016 234 1071 docuimus.
273 1019 371 1087 Itaque
394 1017 467 1072 inter
490 1034 520 1072 se
543 1019 686 1086 cohortati,
708 1017 779 1071 duce
802 1017 870 1071 Caio

83 1099 231 1169 Trebonio,
242 1099 335 1170 equite
347 1102 484 1168 Romano,
496 1100 543 1170 qui
561 1100 602 1155 eis
620 1110 679 1155 erat
697 1099 870 1169 praepositus,

82 1196 132 1250 per
150 1180 258 1236 medios
282 1183 376 1237 hostes
399 1191 585 1252 perrumpunt,
606 1181 813 1250 incolumesque
833 1181 871 1234 ad

82 1279 168 1316 unum
181 1280 277 1317 omnes
290 1264 319 1317 in
330 1273 422 1318 castra
433 1265 602 1333 perveniunt.
635 1265 697 1317 Hos
710 1264 869 1332 subsequuti

83 1344 194 1399 calones
214 1345 374 1415 equitesque
392 1346 491 1400 eodem
511 1346 615 1415 impetu
634 1345 752 1398 militum
770 1345 870 1398 virtute

83 1436 232 1481 servantur.
269 1429 308 1481 At
329 1427 356 1496 ii,
378 1428 424 1498 qui
446 1428 475 1481 in
495 1427 562 1498 jugo
586 1427 773 1495 constiterant,
794 1427 870 1480 nullo

82 1507 167 1562 etiam
184 1526 258 1563 nune
273 1526 325 1563 usu
339 1510 378 1563 rei
392 1510 518 1564 militaris
534 1518 672 1579 percepto,
684 1525 774 1578 neque
787 1508 816 1560 in
827 1524 869 1579 eo,

82 1590 157 1658 quod
177 1591 368 1660 probaverant,
388 1591 503 1645 consilio
523 1607 692 1661 permanere,
710 1599 740 1644 ut
759 1607 790 1645 se
808 1590 869 1644 loco

83 1673 222 1741 superiore
241 1674 427 1742 defenderent,
439 1690 529 1743 neque
548 1689 619 1742 eam,
631 1689 715 1743 quam
734 1672 870 1741 profuisse

82 1754 143 1808 aliis
152 1755 209 1808 vim
218 1755 439 1824 celeritatemque
451 1755 584 1823 viderant,
593 1755 694 1809 imitari
706 1763 866 1824 potuerunt;

82 1837 140 1905 sed,
153 1853 183 1892 se
195 1837 224 1890 in
236 1847 327 1892 castra
338 1839 459 1907 recipere
478 1837 578 1906 conati,
590 1837 715 1906 iniquum
733 1836 760 1889 in
776 1836 869 1889 locum

82 1918 257 1974 demiseraut.
295 1920 483 1986 Centuriones,
495 1936 612 1989 quorum
631 1918 763 1985 nonnulli,
775 1934 809 1971 ex
828 1917 868 1970 in-

82 2000 224 2055 ferioribus
246 2002 387 2056 ordinibus
408 2002 573 2070 reliquarum
592 2000 740 2068 legionum,
761 1999 868 2053 virtutis

82 2089 173 2150 causa,
196 2084 224 2135 in
245 2083 396 2152 superiores
418 2092 496 2137 erant
517 2082 626 2136 ordines
650 2082 731 2151 hujus
751 2081 868 2148 legionis

82 2165 241 2233 transducti,
266 2181 302 2219 ne
325 2164 390 2218 ante
413 2174 522 2234 partam
545 2164 584 2217 rei
608 2163 732 2216 militaris
756 2163 868 2216 laudern

80 2247 245 2315 amitterent,
257 2246 405 2301 fortissime
418 2255 573 2315 pugnantes
585 2245 770 2300 conciderunt
803 2246 868 2297 Mil·

81 2330 150 2384 itum
162 2345 235 2398 parS,
247 2329 347 2383 horum
358 2329 457 2382 virtute
470 2328 605 2382 submotis
621 2328 755 2395 hostibus,
768 2336 868 2394 praeter

81 2428 160 2481 spem
172 2411 317 2464 incolumis
330 2410 359 2464 in
371 2420 462 2464 castra
474 2409 598 2479 pervenit
608 2429 616 2475 ;
635 2426 700 2480 pars
713 2425 730 2462 a
741 2409 866 2464 barbaris

80 2495 267 2549 circumventa
277 2493 364 2562 periit

114 2577 189 2630 XLI.
222 2575 361 2643 Germani,
386 2574 532 2643 desperati
555 2572 757 2641 expugnatione
781 2581 866 2627 castr-

79 2675 166 2726 orum,
178 2656 253 2728 qudd
268 2665 378 2711 nostros
386 2657 447 2726 jam
459 2655 656 2710 constitissem
667 2652 866 2708 munitionibus

78 2741 218 2810 videbant,
227 2755 292 2795 cum
300 2745 335 2793 ei
342 2738 446 2809 praedi,
455 2754 540 2808 quam
548 2737 577 2793 in
587 2737 663 2790 silvis
673 2737 865 2807 deposuerant,
