1958 3308
106 240 136 297 n
314 245 343 300 c.
363 245 477 316 Jvrn
500 242 685 301 cAEsAnrs

137 384 259 438 XXVII.
281 385 350 438 Sunt
362 384 437 452 item,
450 400 513 454 quae
524 385 697 453 appellantur
708 384 800 440 Alces.
834 387 896 441 Ha·

102 481 162 518 rum
198 475 241 519 est
276 465 427 520 consimilis
457 467 564 535 capreis
598 467 686 535 figura
715 474 743 521 et
771 467 895 522 varietas

101 544 229 612 pellium;
242 546 292 599 sed
300 546 491 614 magnitudine
500 548 583 616 paulo
592 548 767 615 antecedunt,
774 549 894 604 mutilae·

101 642 155 695 que
167 636 231 682 sunt
243 629 380 696 cornibus,
398 636 426 681 et
443 645 522 682 crura
539 629 598 683 sine
616 630 697 682 nodis
715 629 894 700 articulisque

100 709 204 763 habent
216 729 224 774 ;
235 725 325 779 neque
337 710 436 780 quietis
449 717 534 764 causi
545 711 738 780 procumbunt,
755 728 856 781 neque,
868 713 893 767 si

82 840 87 849 .
101 807 155 860 quo
168 792 277 846 afflictae
290 808 356 846 casu
368 792 547 862 conciderint,
565 794 669 862 erigere
687 810 748 847 sese
765 802 814 847 aut
825 795 891 848 sub

100 873 191 928 levare
209 883 332 943 possunt
371 873 425 927 His
447 884 511 929 sunt
530 876 642 929 arbores
664 892 715 945 pro
732 876 892 933 cubilibus:

100 954 136 1007 ad
154 970 202 1008 eas
214 972 245 1009 se
256 955 405 1024 applicant,
417 965 500 1026 atque
512 956 558 1025 ita,
571 957 684 1026 paulum
696 956 780 1012 modo
792 957 891 1013 reclin-

100 1045 162 1104 atae,
184 1037 306 1106 quietem
326 1037 460 1107 capiunt:
481 1054 598 1107 quarum
616 1055 649 1093 ex
666 1039 790 1108 vestigiis
803 1056 892 1108 quum

99 1129 141 1173 est
153 1119 376 1173 animadversum
397 1137 415 1174 a
432 1122 617 1190 venatoribus,
641 1138 696 1191 quo
716 1138 747 1176 se
766 1123 891 1191 recipere

98 1201 265 1269 consuerint,
278 1218 374 1257 omnes
387 1218 421 1256 eo
433 1202 494 1256 loco
507 1213 554 1256 aut
567 1220 584 1257 a
595 1204 735 1257 radicibus
745 1205 890 1273 subruunt,

98 1292 145 1337 aut
168 1283 299 1337 accidunt
320 1285 432 1338 arbores
453 1283 570 1352 tantum,
591 1293 622 1338 ut
646 1301 756 1338 summa
780 1285 890 1353 species

97 1381 193 1419 earum
205 1365 337 1420 stantium
345 1366 522 1435 relinquatur.
560 1367 626 1419 Huc
638 1382 724 1435 quum
731 1382 762 1420 se
771 1382 890 1422 consue·

97 1448 192 1503 tudine
203 1448 402 1516 reclinaverint,
412 1448 535 1501 infirmas
547 1449 660 1502 arbores
669 1449 791 1516 pondere
800 1448 888 1518 adilg-

97 1539 154 1599 unt‚
166 1539 249 1599 atque
261 1529 318 1583 una
328 1530 398 1598 ipsae
410 1529 566 1583 concidunt

131 1614 270 1667 XXVIII.
306 1611 432 1665 Tertium
455 1621 498 1666 est
521 1628 608 1680 genus
632 1628 736 1680 eorum,
760 1611 808 1681 qui
835 1613 889 1668 Uri

96 1695 274 1764 appellantur.
325 1694 365 1747 Hi
389 1703 453 1748 sunt
482 1694 672 1762 magnitudine
701 1693 783 1762 paulo
813 1693 890 1749 infra

95 1777 264 1846 elephantos,
278 1775 371 1844 specie
383 1785 410 1830 et
422 1775 514 1830 colore
525 1785 553 1830 et
564 1775 652 1844 figura
663 1775 741 1830 tauri.
779 1777 890 1845 Magna

94 1860 136 1913 vis
149 1875 251 1927 eorum,
264 1868 292 1913 et
301 1875 404 1927 magna
411 1858 544 1912 velocitas
554 1875 559 1911 :
569 1874 659 1927 neque
670 1857 784 1925 homini,
794 1873 889 1928 neque

94 1941 166 2008 serae,
191 1958 275 2011 quam
300 1939 499 2009 conspexerint,
518 1948 642 2008 parcunt.
681 1941 743 1992 Hos
762 1939 889 1995 studiose

92 2024 179 2080 foveis
201 2034 297 2093 captos
321 2023 496 2078 interficiunt
535 2024 599 2075 Hoc
623 2037 654 2076 se
670 2022 765 2076 labore
784 2022 888 2079 durant

93 2108 291 2174 adolescentes,
304 2114 388 2175 atque
398 2105 453 2158 hoc
464 2119 564 2172 genere
573 2103 728 2157 venationis
741 2113 887 2171 exercent3

92 2199 128 2257 et,
141 2189 188 2258 qui
200 2187 332 2256 plurimos
343 2203 375 2239 ex
381 2185 425 2239 his
438 2185 637 2253 interfecerunt,
648 2184 740 2238 relatis
753 2184 783 2237 in
794 2186 887 2254 publi·

93 2288 157 2324 cum
169 2269 305 2336 cornibus,
319 2284 382 2337 quae
398 2267 452 2321 sint
464 2267 631 2335 testimonio,
643 2283 776 2334 magnam
792 2265 887 2325 senmt

91 2352 210 2406 laudern.
248 2349 305 2405 Sed
323 2365 481 2404 assuescere
501 2349 539 2402 ad
556 2349 692 2417 homines,
711 2358 739 2403 et
754 2365 886 2404 mansue-

91 2435 157 2502 fieri,
170 2451 206 2487 ne
218 2432 324 2502 parvuli
336 2432 449 2502 quidem
458 2432 564 2500 excepti
577 2440 700 2499 possunt.
719 2431 886 2499 Amplitudo

91 2533 224 2571 cornuum
237 2524 264 2569 et
276 2515 364 2583 figura
382 2523 410 2568 et
428 2514 535 2583 species
553 2513 671 2567 multum
689 2531 707 2566 a
724 2522 886 2569 nostrorum

90 2600 176 2653 boum
200 2597 328 2651 cornibus
349 2597 447 2652 differt
485 2598 557 2650 Haec
582 2595 704 2650 studiose
725 2596 886 2665 conquisita

89 2681 125 2734 ab
149 2679 233 2733 labris
252 2687 365 2747 argento
383 2678 610 2745 circumcludunt,
627 2686 710 2748 atque
728 2676 758 2731 in
769 2678 885 2747 amplis·

89 2761 167 2816 simis
179 2761 266 2829 epulis
278 2778 328 2831 pto
340 2761 446 2830 poculis
457 2769 577 2814 utuntur.
