1958 3308
219 237 233 275 2
427 221 456 274 c
476 221 592 292 JULJJ
612 221 797 275 CAESARIS

253 363 291 415 II.
312 359 460 415 Interfecto
473 360 671 429 Indutiomaro,
683 370 714 414 ut
726 361 879 430 docuimus,
891 363 925 416 ad

217 443 385 513 propinquos
401 460 419 496 a
435 442 556 496 Treviris
568 442 712 510 imperium
725 443 851 497 defertur.
890 445 925 496 lll

218 527 300 580 timos
323 527 476 579 Germanos
500 524 647 578 sollicitare
670 534 698 578 et
716 526 863 594 pecuniam
883 528 925 594 pol

217 625 274 661 non
295 607 450 662 desistunt:
470 623 556 677 quum
574 608 610 661 ab
628 608 760 676 proximis
782 609 925 677 impetrare

217 700 339 760 possent,
350 690 491 744 ulteriores
503 699 616 744 tentant
656 691 779 744 Inventis
797 691 926 744 nonnullis

217 774 337 842 itatibus,
353 772 530 842 jurejurando
548 772 620 826 inter
632 790 662 827 se
674 773 838 826 confirmant
851 773 925 827 obsic‘

217 872 271 925 que
280 856 316 909 de
322 855 440 923 pecunia
449 863 547 908 cavent
557 872 563 908 :
577 855 765 923 Ambiorigem
774 855 826 908 sibi
837 855 925 910 societ

217 938 322 992 foedere
333 937 495 1007 adjungunt.
527 937 633 1006 Quibus
643 939 724 992 rebus
737 939 862 1007 cognitis,
877 939 925 992 Cae

218 1036 303 1091 quum
331 1020 454 1089 undique
483 1021 586 1074 bellum
615 1021 706 1089 parari
735 1022 848 1091 videret,
877 1024 925 1075 Ne:

217 1102 387 1170 Aduatucos,
399 1101 555 1170 Menapios,
569 1103 706 1171 adjunctis
720 1104 898 1157 Cisrhenanis
918 1121 925 1156 r

217 1186 270 1239 bus
279 1185 433 1253 Germanis,
441 1200 502 1239 esse
514 1185 543 1237 in
555 1185 647 1254 annis,
657 1185 780 1239 Senones
793 1187 830 1238 ad
841 1186 925 1256 imper

216 1283 274 1321 non
288 1267 382 1322 venire
394 1276 496 1321 etcum
509 1268 676 1322 Carnutibus
693 1268 872 1338 finitimisque
890 1270 925 1322 cii

217 1350 269 1403 bus
292 1350 409 1404 consilia
432 1349 643 1418 communicare,
667 1367 685 1402 a
704 1350 825 1404 Treviris
851 1351 925 1405 Gern

217 1431 320 1486 crebris
345 1430 528 1499 legationibus
556 1430 864 1485 sollicitari—maturius
892 1432 925 1485 sil

217 1513 289 1567 bello
301 1513 479 1581 cogitandum
490 1513 603 1580 putavit.

253 1597 307 1649 III.
335 1596 433 1664 ltaque
453 1593 578 1647 nondum
601 1594 693 1649 hieme
716 1595 853 1664 confecta,
873 1614 925 1665 pro,

217 1687 334 1746 quatuor
354 1675 457 1731 coactis
477 1676 639 1746 legionibus,
658 1678 693 1731 de
714 1677 864 1746 improviso
885 1680 914 1733 in

217 1760 383 1814 Nerviorum
399 1758 549 1827 contendit,
568 1767 596 1812 et
612 1758 696 1828 prius,
715 1760 799 1828 quam
817 1761 855 1813 illi
873 1770 921 1815 aut

216 1843 309 1896 venire
321 1850 369 1895 aut
379 1841 524 1910 profugere
541 1851 663 1910 possent,
675 1859 778 1910 magno
795 1843 902 1911 pecoris
921 1862 925 1895 r

215 1926 359 1980 hominum
376 1940 491 1978 numero
509 1933 598 1992 capto,
617 1935 700 1994 atque
712 1932 747 1978 ea
757 1926 854 1995 praeda
871 1927 925 1979 mili

214 2014 356 2077 concessa,
374 2008 544 2076 vastatisque
567 2007 648 2076 agris,
670 2007 699 2060 in
720 2007 889 2062 deditionem
909 2027 925 2062 v

214 2100 298 2161 atque
315 2090 427 2144 obsides
444 2090 497 2144 sibi
516 2090 582 2144 dare
600 2090 697 2158 coe'git
734 2092 778 2143 Eo
797 2091 920 2145 celeriter

214 2173 287 2227 secto
309 2173 430 2240 negotio,
447 2188 540 2225 rursus
561 2171 589 2224 in
609 2172 726 2226 hiberna
746 2172 869 2240 legiones
887 2190 925 2227 re<

215 2254 340 2308 Concilio
354 2254 452 2307 Galliae
469 2254 559 2323 primo
576 2271 649 2323 vere,
661 2256 700 2308 uti
712 2255 875 2322 instituerat,
888 2256 925 2309 int

214 2354 299 2407 quum
316 2336 422 2406 reliqui,
439 2345 540 2405 praeter
558 2338 690 2405 Senones,
704 2338 847 2408 Carnutes,
861 2341 925 2393 Tret

213 2434 275 2489 que,
287 2417 436 2486 venissent,
448 2417 556 2471 initium
568 2419 633 2472 belli
645 2436 679 2473 ac
692 2419 852 2472 defectionis
870 2420 924 2473 hoc

213 2500 367 2568 arbitratus,
378 2508 408 2553 ut
417 2500 511 2553 omnia
522 2508 687 2569 postponere
699 2500 844 2569 videretur,
854 2518 925 2555 conc

214 2583 351 2638 Lutetiam
370 2582 537 2636 Parisiorum
553 2583 689 2637 transfert.
727 2583 857 2637 Confines
876 2601 925 2637 era:

213 2665 378 2733 Senonibus,
390 2664 584 2735 civitatemque
596 2673 707 2734 patrum
718 2666 852 2719 memoria
869 2683 925 2736 con

213 2757 308 2814 erant3
328 2748 378 2801 sed
391 2749 427 2810 ab
438 2748 492 2810 boc
505 2747 620 2814 consilio
632 2747 753 2810 abfuisse
765 2748 925 2805 existimata

468 3202 668 3224 „—

560 3266 668 3284 —
