1958 3308
166 231 182 286 8
377 229 404 284 c.
427 229 542 301 Jqur
562 228 746 284 casalem·

161 383 281 438 eaquam
305 368 434 424 certiores
456 369 545 424 nuntii
568 369 603 423 de
626 368 745 424 exercitu
764 369 957 422 Romanorum

162 450 294 520 venerint,
318 467 383 505 cum
406 451 534 506 omnibus
559 451 615 504 suis
641 451 832 520 sociorumque
856 450 957 521 copiis,

162 548 231 603 quas
256 533 421 602 coegissent,
442 533 551 603 penitus
576 532 613 586 ad
637 541 774 587 extremos
798 532 868 586 fines
893 548 957 588 sese

162 615 316 685 recepisse:
329 616 427 670 silvam
439 632 500 671 esse
512 615 550 670 ibi
563 615 672 670 infinita
682 614 881 684 magnitudine,
892 632 957 685 quae

162 699 317 767 appellatur
329 699 448 753 Bacenis
460 717 466 753 :
483 699 557 754 hanc
567 699 651 768 longe
662 698 796 752 introrsus
808 696 955 768 pertinere,

162 789 197 849 et,
210 798 260 851 pro
271 782 366 836 nativo
377 798 457 836 muro
468 781 615 850 objectam,
629 781 784 835 Cheruscos
796 781 833 834 ab
847 781 955 850 Suevis,

162 864 323 934 Suevosque
340 865 377 920 ab
396 863 552 933 Cheruscis,
569 864 675 934 injuriis
695 863 956 934 incursionibusque

161 946 326 1015 prohibere:
344 946 381 1000 ad
394 947 452 1017 ejus
464 946 573 1000 initium
589 947 667 1001 silvae
680 947 786 1001 Suevos
803 947 955 1001 adventum

162 1030 353 1083 Romanorum
366 1040 525 1099 exspectare
537 1029 737 1084 constituisse.”
751 1029 755 1035 ’

196 1111 248 1166 ΧΙ.
269 1111 408 1180 Quoniam
420 1111 542 1166 adhunc
554 1112 647 1166 locum
658 1119 821 1180 perventum
833 1119 882 1179 est,
895 1126 955 1164 non

161 1193 278 1251 alienum
312 1210 373 1248 esse
407 1194 515 1248 videtur
545 1193 580 1248 de
612 1194 711 1248 Galliae
742 1193 955 1263 Germaniaeque

161 1276 292 1346 moribus,
312 1285 340 1332 et
357 1293 412 1347 quo
431 1277 559 1331 differant
580 1293 621 1330 eae
641 1276 768 1330 nationes
789 1277 861 1330 inter
881 1292 952 1346 sese,

160 1375 320 1427 proponere.
366 1362 400 1414 ln
428 1360 527 1428 Gallia,
557 1375 615 1412 non
644 1355 735 1412 solim
764 1358 794 1411 in
823 1358 954 1413 omnibus

161 1441 317 1495 civitatibus
335 1451 418 1512 atque
430 1441 460 1495 in
472 1441 600 1495 omnibus
613 1441 692 1510 pagis
703 1440 890 1511 partibusque,
902 1441 955 1495 sed

160 1540 241 1592 paene
262 1525 351 1578 etiam.
367 1525 396 1578 in
418 1524 532 1594 singulis
555 1524 691 1593 domibus,
713 1523 848 1578 sactiones
869 1532 954 1579 sunt:

161 1621 309 1676 earumque
328 1607 480 1661 factionum
498 1607 637 1676 principes
656 1615 727 1675 sunt,
746 1607 794 1676 qui
814 1622 954 1662 summam

160 1690 353 1744 auctoritatem
377 1707 474 1744 eorum
495 1689 601 1760 judicio
624 1690 729 1744 habere
752 1690 952 1759 existimantur,

161 1787 278 1840 quorum
289 1772 327 1826 ad
339 1772 481 1827 arbitrium
495 1772 686 1842 judiciumque
705 1789 814 1826 summa
827 1772 954 1826 omnium

160 1870 251 1907 rerum
262 1856 608 1925 consiliorumqueredeat
644 1856 732 1925 quue
744 1856 803 1925 ejus
815 1855 855 1908 rei
867 1862 955 1910 causa

161 1937 310 2007 antiquitus
341 1938 497 1994 institutum
525 1937 641 2005 videtur,
668 1954 704 1991 ne
728 1938 789 2007 quis
813 1938 954 2006 explebe

162 2027 258 2074 contra
274 2021 457 2090 potentiorem
474 2019 567 2074 auxilii
584 2028 695 2088 egeret:
713 2037 778 2074 suos
791 2019 866 2074 enim
878 2020 953 2090 quis·

161 2118 215 2170 que
238 2103 356 2172 opprImi
377 2113 405 2159 et
425 2102 616 2158 circumveniri
640 2119 697 2157 non
720 2103 831 2172 patitur,
852 2118 953 2173 neque,

161 2183 241 2238 aliter
261 2185 285 2239 si
305 2185 417 2253 faciant,
436 2186 522 2239 ullam
542 2186 613 2240 inter
632 2201 698 2240 suos
719 2185 825 2239 habent
844 2193 953 2239 auctor·

162 2266 265 2322 itatem
308 2269 379 2322 Haec
403 2268 502 2323 eadem
525 2268 596 2323 ratio
617 2277 659 2322 est
680 2269 710 2322 in
731 2274 841 2322 summa
867 2267 954 2324 totius

163 2348 280 2404 Galliae:
299 2367 419 2422 namque
439 2367 535 2404 omnes
555 2350 680 2405 civitates
698 2350 727 2403 in
741 2359 834 2419 partes
854 2349 954 2404 divisae

163 2433 314 2489 suntduas.

196 2516 264 2570 XII.
292 2518 384 2585 Quum
409 2518 504 2572 Caesar
530 2517 560 2571 in
585 2517 706 2571 Galliam
731 2516 815 2585 venit,
840 2515 953 2572 alterius

161 2596 289 2652 factionis
312 2599 450 2670 principes
472 2608 550 2654 erant
570 2599 665 2667 AEdui,
686 2599 798 2653 alterius
821 2599 952 2668 Sequani.

163 2679 203 2734 Hi
227 2696 312 2749 quum
335 2697 385 2750 per
408 2698 438 2736 se
461 2681 553 2736 minius
579 2682 710 2748 valerent,
737 2680 812 2750 quod
841 2697 954 2735 summa

162 2761 310 2818 auctoritas
337 2763 486 2834 antiquitus
513 2773 572 2819 erat
598 2764 627 2816 in
652 2761 761 2831 AEduis,
786 2778 954 2833 magnaeque
