1958 3308
158 243 217 296 aa
239 243 372 297 astro
399 244 579 313 carasco
604 245 680 298 Lm.
706 246 749 298 m
813 259 845 311 19

95 381 201 436 XXIX
222 382 323 448 Caesar,
336 390 483 450 postquam
495 398 544 450 per
557 381 647 436 Ubios
660 383 844 451 exploratores

60 462 200 531 c'omperit,
224 465 330 517 Suevos
342 479 403 517 sese
420 463 450 516 in
462 463 545 516 silvas
558 463 704 532 recepisse,
723 464 845 533 inopiam

57 544 187 598 frumenti
205 545 316 613 veritus,
335 544 418 614 quod,
438 554 469 599 ut
487 546 570 614 supra
587 547 845 614 demonstravimus,

56 626 173 679 minime
191 643 287 681 omnes
310 627 441 680 Germani
459 628 631 695 agriculturae
649 628 768 695 student,
781 643 844 680 con·

57 707 146 761 stituit
157 725 214 762 non
229 709 356 778 progredi
368 708 492 776 longius:
504 709 561 774 sed,
574 726 609 763 ne
619 709 732 761 omnino
740 717 844 762 metum

57 790 160 844 reditus
174 791 215 844 sui
227 792 352 845 barbaris
364 792 478 857 tolleret,
491 800 573 860 atque
584 800 614 844 ut
632 807 728 844 eorum
745 791 843 844 auxilia

57 872 187 941 tardaret,
207 873 320 927 reducto
338 873 466 940 exercitu,
487 882 594 940 partem
606 872 732 925 ultimam
744 872 845 941 pontis,

57 969 120 1022 quae
138 955 211 1023 ripas
231 954 368 1010 Ubiorum
386 954 571 1021 contingebat,
592 953 621 1005 in
645 953 845 1022 longitudinem

56 1036 160 1104 pedum
184 1038 364 1091 ducentorum
387 1036 536 1100 rescindit;
564 1046 647 1104 atque
671 1036 700 1088 in
724 1045 845 1090 extremo

56 1128 141 1186 ponte
162 1119 256 1172 turrim
275 1119 460 1172 tabulatorum
478 1127 596 1187 quatuor
613 1118 763 1187 constituit,
776 1136 845 1187 prae·

56 1200 212 1269 sidiumque
225 1201 379 1254 cohortium
391 1199 537 1254 duodecim
551 1200 643 1268 pontis
655 1200 749 1253 tuendi
762 1207 846 1253 causa

56 1283 143 1351 ponit,
163 1283 327 1352 magnisque
339 1299 402 1336 eum
419 1283 511 1335 locum
528 1283 728 1335 munitionibus
746 1282 843 1337 firmat.

57 1365 93 1416 Ei
117 1365 179 1418 loco
203 1365 387 1433 praesidioque
417 1365 516 1418 Caium
546 1364 704 1417 Volcatium
734 1366 846 1417 Tullum

56 1446 263 1500 adolescentem
286 1446 431 1515 praefecit:
453 1446 521 1515 ipse,
547 1463 633 1515 quum
661 1455 845 1500 maturescere

56 1528 194 1582 frumenta
217 1527 376 1596 inciperent,
406 1528 443 1582 ad
469 1528 573 1582 bellum
592 1528 760 1595 Ambiorigis
784 1545 845 1597 pro·

56 1610 241 1679 fectus-per
264 1610 443 1664 Arduennam
467 1610 574 1678 silvam,
598 1627 661 1679 quae
691 1621 733 1663 est
762 1611 845 1664 totius

58 1693 157 1746 Galliae
179 1692 310 1759 maxima,
330 1702 413 1761 atque
433 1692 470 1745 ab
490 1692 557 1760 ripis
579 1692 670 1746 Rheni
691 1693 846 1762 finibusque

56 1774 233 1827 Trevirorum
245 1774 282 1826 ad
296 1774 413 1828 Nervios
431 1774 556 1844 pertinet,
569 1773 746 1842 millibusque
758 1775 845 1843 ampl·

57 1855 100 1908 its
133 1856 289 1925 quingentis
313 1857 343 1908 in
371 1856 571 1924 longitudinem
601 1857 845 1924 patet-Lucium

58 1937 214 1991 Minucium
225 1938 349 1992 Basilum
361 1954 424 1991 cum
436 1939 511 1991 omni
525 1938 648 2006 equitatu
660 1938 808 2006 praemittit,
823 1939 846 1992 si

57 2018 125 2086 quid
138 2019 276 2072 celeritate
288 2018 392 2072 itineris
405 2027 488 2087 atque
500 2016 704 2086 opportunitate
714 2019 846 2086 temporis

57 2100 190 2169 proficere
214 2101 302 2170 possit
313 2120 320 2166 ;
344 2109 447 2168 monet,
468 2109 498 2154 ut
519 2101 597 2168 ignes
616 2100 675 2154 fieri
699 2100 846 2154 incastris

58 2183 212 2252 prohibeat,
223 2200 260 2238 ne
271 2200 327 2252 qua
338 2183 397 2252 ejus
415 2183 550 2236 adventus
567 2182 664 2252 procul
682 2182 846 2250 significatio

58 2265 128 2321 liat:
140 2281 201 2318 sese
213 2264 359 2319 confestim
371 2263 500 2332 subsequi
514 2263 588 2318 dicit.

94 2348 184 2400 XXX.
204 2346 320 2414 Basilus,
333 2355 363 2399 ut
375 2345 540 2414 imperatum
552 2353 602 2413 est,
620 2344 686 2398 facit
698 2363 706 2410 ;
724 2345 847 2400 celeriter

58 2437 209 2497 contraque
241 2427 365 2480 omnium
397 2427 555 2495 opinionem
587 2426 712 2480 consecto
742 2427 846 2495 itinere,

57 2511 159 2563 multos
183 2509 213 2562 in
236 2509 309 2578 agris
332 2508 506 2577 inopinantes
531 2508 730 2577 deprehendit,
753 2526 846 2563 eorum

58 2592 162 2647 indicio
173 2592 211 2645 ad
223 2591 314 2660 ipsum
323 2590 513 2657 Ambiorigem
525 2591 675 2658 contendit,
685 2607 740 2660 quo
750 2592 778 2644 in
785 2593 847 2646 loco

58 2691 123 2730 cum
134 2672 231 2743 paucis
242 2671 379 2742 equitibus
392 2687 453 2725 esse
462 2671 611 2726 dicebatur.
632 2671 753 2724 Multum
762 2687 847 2740 quum

56 2756 88 2811 ln
100 2756 228 2811 omnibus
240 2755 331 2823 rebus,
344 2763 403 2808 turn
415 2754 444 2807 in
452 2770 482 2808 re
494 2753 612 2823 militari,
626 2761 717 2823 potest
729 2753 845 2809 fortuna

436 2847 450 2878 C
458 2850 471 2878 Ι
