1958 3308
173 232 191 290 4
383 223 412 278 c,
431 181 548 294 Juzrr
570 223 755 278 amsans

172 362 281 418 venisse
295 362 442 417 Germanis
459 362 488 417 in
507 362 658 418 amicitiam
678 372 851 432 cognoverat
890 365 965 421 Haec

171 445 247 518 priirs
272 445 313 499 illi
339 445 511 500 detrahenda
540 445 641 499 auxilia
669 445 854 515 existimabat,
877 447 964 516 quam

171 531 263 599 ipsum
274 528 347 582 bello
358 528 506 582 lacesseret
516 547 524 594 ;
542 544 587 597 ne,
600 528 747 597 desperata
762 528 858 597 salute,
870 538 919 583 aut
931 547 964 584 se

171 613 200 665 in
214 610 361 680 Menapios
379 610 502 679 abderet,
514 620 563 665 aut
581 627 644 664 cum
656 611 877 665 Transrhenanis
896 628 962 667 con·

170 696 248 766 gredi
261 703 409 764 cogeretur.
442 697 506 748 Hoc
518 694 587 748 inito
600 693 723 763 consilio,
730 694 814 749 totius
826 696 962 751 exercitus

170 777 370 847 impedimenta
381 775 418 830 ad
431 776 586 829 Labienum
598 775 627 828 in
638 775 767 829 Treviros
779 776 871 845 mittit,
879 777 962 833 duas-

170 877 224 930 que
244 860 367 928 legiones
388 858 511 912 adeum
532 858 670 928 proficisci
692 858 790 928 jubet:
813 859 873 928 ipse
897 877 962 916 cum

169 943 323 1011 legionibus
336 939 471 1010 expeditis
483 940 605 1011 quinque
617 941 646 993 in
660 941 808 1010 Menapios
821 942 962 1012 proficisc-

169 1025 231 1079 itur.
269 1024 322 1094 llli,
339 1023 415 1076 nulla
435 1028 533 1077 coacta
553 1039 646 1091 manu,
665 1022 719 1076 loci
739 1023 870 1092 praesidio
889 1025 962 1094 freti,

169 1107 199 1161 in
211 1107 294 1161 silvas
306 1105 475 1176 paludesque
488 1104 657 1174 confugiunt,
668 1120 772 1174 suaque
784 1105 884 1161 eodem
895 1123 962 1162 con·

169 1190 267 1244 lerunt.

203 1274 255 1327 VI.
274 1271 375 1340 Caesar,
388 1270 495 1341 partitis
507 1268 594 1339 copiis
607 1285 671 1323 cum
684 1269 753 1323 Caio
767 1270 855 1324 Fabio
866 1272 961 1341 legato

169 1364 197 1409 et
222 1356 319 1408 Marco
345 1354 447 1407 Crasso
477 1360 622 1422 quaestore,
648 1351 825 1421 celeriterque
854 1355 961 1411 effectis

168 1438 307 1507 pontibus,
319 1435 379 1489 adit
390 1433 535 1503 tripartite,
547 1433 667 1487 aedificia
678 1434 810 1504 vicosque
828 1434 960 1509 incendit,

168 1535 271 1588 magno
295 1516 403 1586 pecoris
427 1525 511 1585 atque
534 1515 680 1569 hominum
706 1533 822 1570 numero
848 1519 959 1587 potitur.

169 1602 277 1671 Quibus
289 1601 370 1654 rebus
383 1598 481 1666 coacti,
495 1597 620 1666 Menapii
632 1598 739 1666 legatos
752 1599 865 1654 adeum
881 1603 961 1671 pacis

167 1684 295 1754 petendae
318 1687 404 1737 causa
423 1681 543 1735 mittunt.
582 1681 640 1749 Ille,
662 1680 805 1735 obsidibus
827 1685 960 1756 acceptis,

166 1767 288 1821 hostium
312 1781 342 1818 se
365 1763 524 1817 habiturum
547 1779 663 1816 numero
688 1764 841 1833 confirmat,
862 1765 886 1819 si
910 1778 960 1823 aut

165 1848 363 1916 Ambiorigem,
381 1855 429 1900 aut
450 1846 509 1915 ejus
529 1846 644 1913 legatos,
663 1845 764 1900 finibus
785 1846 843 1900 suis
864 1864 958 1918 recep·

165 1931 259 1986 issent
291 1929 345 1984 His
353 1926 620 1995 confirmatisrebus,
629 1927 958 1986 CommiumAtrebatem

164 2030 229 2068 cum
245 2012 368 2083 equitatu
387 2009 509 2065 custodis
527 2008 589 2061 loco
608 2009 637 2061 in
650 2009 790 2078 Menapiis
808 2011 954 2082 relinquit,

163 2096 223 2166 ipse
235 2095 264 2148 in
275 2093 404 2148 Treviros
415 2090 603 2160 proficiscitur.

198 2181 265 2232 VII.
294 2179 371 2230 Dum
400 2176 462 2228 haec
488 2192 507 2228 a
534 2175 646 2230 Caesare
674 2186 812 2247 geruntur,
838 2179 956 2252 Treviri,

162 2260 271 2329 magnis
289 2257 393 2313 coactis
410 2256 549 2325 peditatus
567 2257 760 2330 equitatr'rsque
772 2260 868 2331 copiis,
883 2263 955 2318 Lab-

161 2345 256 2398 ienum
280 2357 344 2395 cum
366 2345 424 2393 una
446 2337 563 2408 legione,
587 2356 649 2409 quae
673 2340 702 2394 in
726 2358 822 2396 eorum
851 2344 954 2402 finibus

160 2425 311 2492 hiemabat,
334 2419 436 2476 adoriri
459 2421 615 2490 parabant:
638 2423 753 2493 jamque
777 2426 814 2479 ab
838 2441 872 2480 eo
895 2444 954 2483 non

159 2507 268 2576 longina
298 2504 375 2559 bidui
404 2503 451 2558 via
479 2504 603 2573 aberant,
627 2520 713 2575 quum
742 2506 812 2562 duas
842 2510 954 2567 venisse

158 2591 282 2660 legiones
294 2588 382 2642 missu
394 2587 514 2641 Caesaris
527 2595 705 2654 cognoscunt
738 2589 839 2644 Positis
852 2592 952 2648 castris

158 2690 177 2728 a
196 2672 318 2726 millibus
341 2685 475 2739 passuum
498 2667 665 2739 quindecim,
690 2670 791 2725 auxilia
816 2672 952 2729 German.

158 2771 238 2811 orum
262 2762 421 2825 exspectare
445 2751 621 2807 constituunt.
660 2752 805 2826 Labienus,
827 2754 951 2812 hostiurn

32 2884 294 3116 ss

340 3180 612 3215 Q-

501 3252 612 3272 —
