1958 3308
65 197 98 252 14
275 187 304 243 c.
323 185 440 258 Jvtrl
460 184 646 241 CAESARJS

63 326 203 396 utriusque
214 341 279 380 cum
290 325 422 382 fructibus
435 325 606 398 superiorum
618 335 774 397 temporum
791 343 854 398 per·

62 409 145 463 venit.
168 408 228 462 Viri
239 408 270 462 in
280 425 387 478 uxores,
401 409 471 464 sicut
483 409 512 463 in
523 409 633 478 liberos,
645 410 711 464 vitae
719 409 855 480 necisque

62 491 167 546 habent
182 499 365 560 potestatem:
377 501 413 560 et,
426 508 512 561 quum
523 500 601 561 pater
612 492 733 560 familiae,
751 492 853 566 illustrf

62 573 120 627 iore
128 575 191 627 loco
202 582 293 642 natus,
306 573 432 642 decessit,
445 575 505 645 ejus
517 575 663 644 propinqui
676 575 854 644 conveniunt,

62 664 97 723 ct,
111 655 146 710 de
158 666 247 710 morte
255 656 279 710 si
291 672 335 710 res
345 656 374 709 in
383 656 569 727 suspicionem
578 656 662 724 venit,
674 657 709 710 de
721 657 853 711 uxoribus
887 687 888 690 ¹

61 737 90 791 in
103 738 231 792 servilem
242 739 357 792 modum
369 738 553 808 quaestionem
565 739 678 807 habent,
691 747 727 806 et,
740 738 763 791 si
775 754 852 792 com-

61 829 170 889 pertum
179 821 291 890 est,igni
299 830 381 890 atque
391 821 519 874 omnibus
528 814 671 875 tormentis
681 820 853 875 excruciatas

60 902 234 958 interficiunt
267 905 377 957 Funera
388 912 452 957 sunt
461 920 511 972 pro
518 903 593 957 cultu
603 903 746 956 Gallorum
754 919 853 979 magn-

60 985 125 1039 ifica
136 994 164 1040 et
172 994 335 1055 sumptuosa
341 1004 349 1051 ;
362 985 518 1056 omniaque,
528 1001 591 1054 quae
599 985 669 1039 vivis
680 985 756 1039 cordi
765 985 853 1041 fuisse

61 1067 235 1135 arbitrantur,
261 1067 291 1121 in
318 1067 412 1136 ignem
437 1067 565 1136 inierunt,
593 1068 678 1121 etiam
703 1067 853 1127 animalia:

60 1164 94 1202 ac
110 1147 193 1218 paulb
213 1165 298 1218 supra
313 1150 387 1204 hanc
407 1151 571 1205 memoriam
590 1150 661 1204 servi
682 1158 709 1203 et
728 1150 851 1217 clientes,

58 1232 177 1303 quosab
189 1231 223 1284 iis
235 1231 350 1286 dilectos
363 1247 424 1285 esse
434 1233 588 1302 constabat,
598 1233 679 1303 justis
689 1233 850 1289 funebribus

59 1314 200 1382 confectis,
209 1313 266 1367 una
277 1314 479 1370 cremabantur.

93 1399 155 1451 XX
177 1398 248 1465 Quae
265 1396 390 1451 civitates
409 1396 583 1451 commodiirs
601 1415 681 1452 suam
699 1415 758 1452 rem
769 1399 850 1468 publ-

59 1479 132 1533 icam
161 1478 354 1532 administrare
383 1478 582 1547 existimantur,
607 1480 712 1535 habent
739 1480 850 1548 legibus

59 1569 195 1627 sanctum,
224 1559 311 1628 siquis
336 1558 404 1627 quid
432 1560 468 1614 de
491 1576 521 1613 re
545 1561 657 1629 publica
684 1577 702 1614 a
724 1561 849 1618 finitimis

58 1659 167 1698 rumore
190 1659 223 1698 ao
246 1645 323 1699 fama
352 1645 498 1714 acceperit,
522 1647 563 1700 uti
589 1646 627 1700 ad
656 1646 850 1716 magistratum

57 1725 170 1792 deierat,
182 1742 251 1779 neve
264 1743 328 1780 cum
340 1743 395 1797 quo
407 1727 462 1781 alio
474 1728 658 1782 communicet
668 1747 674 1782 :
686 1728 761 1797 qubd
773 1745 849 1798 saepe

56 1807 184 1862 homines
203 1809 363 1863 temerarios
381 1817 465 1879 atque
482 1810 624 1881 imperitos
642 1810 720 1865 falsis
732 1812 848 1864 rumori-

56 1889 109 1942 bus
133 1889 236 1958 terreri,
260 1899 287 1944 et
308 1890 346 1944 ad
365 1890 472 1945 facinus
496 1891 607 1961 impelli,
626 1902 654 1947 et
672 1892 708 1947 de
730 1893 848 1947 summis

56 1971 138 2025 rebus
150 1971 296 2027 consilium
307 1989 413 2043 capere,
427 1973 567 2041 cognitum
579 1982 628 2028 est
657 1966 846 2045 Magistratfis,

55 2070 119 2122 quae
130 2054 191 2108 visa
203 2055 441 2124 sunt,occultant;
453 2071 570 2125 quaeque
582 2071 644 2109 esse
656 2072 690 2109 ex
698 2073 750 2109 usu
760 2056 847 2125 judic-

55 2135 169 2204 averint,
188 2137 356 2190 multitudini
373 2137 500 2205 produnt.
548 2139 593 2191 De
611 2154 641 2192 re
663 2139 775 2207 publica
792 2139 847 2195 nisi

54 2233 104 2287 per
116 2218 264 2272 concilium
275 2218 351 2288 loqui
361 2235 420 2289 pon
432 2220 598 2274 conceditur.

89 2302 168 2356 XXI.
201 2301 332 2356 Germani
355 2301 473 2359 multum
495 2303 532 2356 ab
561 2302 615 2356 hac
645 2304 846 2359 consuetudine

54 2383 205 2457 differunt:
228 2399 295 2437 nam
315 2398 405 2453 neque
426 2384 545 2439 Druides
563 2385 676 2453 habent,
697 2386 743 2455 qui
762 2388 845 2441 rebus

53 2464 154 2520 divinis
166 2466 287 2536 praesint,
300 2482 390 2537 neque
408 2466 549 2521 sacrificiis
568 2469 688 2524 student.
719 2471 844 2523 Deorum

53 2564 167 2619 numero
180 2565 228 2604 eos
241 2550 315 2603 solos
327 2548 439 2616 ducunt,
452 2565 521 2618 quos
535 2560 659 2619 cernunt,
678 2559 706 2605 et
724 2567 843 2621 quorum

53 2631 147 2701 aperte
169 2632 269 2702 opibus
288 2631 428 2701 juvantur,
454 2631 548 2685 Solem
572 2641 600 2686 et
628 2634 786 2687 Vulcanum
816 2643 844 2688 et

54 2712 179 2770 Lunam:
208 2712 329 2786 reliquos
358 2729 394 2768 ne
422 2712 499 2766 sama
528 2711 641 2782 quidem
668 2724 842 2786 acceperuut.
