1958 3308
183 537 225 612 e.
276 537 420 633 Juurr
471 536 723 612 ‘clusinus

112 721 192 794 nn
256 721 458 795 nunno
521 666 835 794 onnmco'

355 918 473 972 LIBER
500 918 549 972 VI.

95 1197 118 1251 1.
143 1197 266 1250 Munus
290 1197 326 1250 de
348 1196 440 1251 causis
465 1197 568 1267 Caesar,
592 1198 725 1266 majorem
750 1197 847 1253 Gallias

58 1286 166 1332 motum
187 1287 359 1348 exspectans,
377 1295 427 1348 per
447 1280 576 1333 Marcum
596 1279 729 1347 Silanum,
749 1279 848 1335 Caium

58 1360 210 1416 Antistium
222 1360 368 1430 Reginum,
379 1361 475 1415 Titum
487 1361 618 1430 Sextium,
631 1363 745 1430 legatos,
758 1361 847 1416 delec-

58 1451 119 1501 tum
129 1443 232 1497 habere
244 1443 380 1498 instituit:
398 1443 480 1497 simul
492 1445 528 1498 ab
541 1444 628 1498 Cneio
642 1446 774 1513 Pompeio
786 1461 847 1513 pro·

60 1525 173 1580 consule
184 1525 262 1594 petit,
274 1525 406 1594 quoniam
418 1525 477 1594 ipse
489 1526 526 1579 ad
538 1527 635 1581 urbem
651 1543 715 1581 cum
732 1526 847 1595 imperio

58 1607 217 1677 reipublicae
246 1613 331 1661 causa
359 1617 521 1678 remaneret,
551 1626 621 1678 quos
648 1626 682 1663 ex
707 1609 848 1678 Cisalpina

60 1689 153 1744 Galia
178 1690 298 1744 consulis
323 1700 497 1746 sacramento
523 1692 695 1760 rogavisset·
708 1693 745 1746 ad
768 1693 848 1760 signa

59 1770 206 1826 convenire
218 1781 245 1827 et
257 1772 294 1825 ad
310 1788 342 1826 se
357 1773 495 1840 proficisci
510 1773 637 1842 juberet:
654 1774 748 1842 magni
766 1773 847 1827 inter-

58 1870 122 1908 esse
133 1853 218 1908 etiam
227 1853 256 1907 in
265 1854 400 1924 reliquum
411 1864 521 1924 tempus
533 1855 570 1908 ad
583 1855 740 1924 opinionem
750 1856 848 1909 Galliae

58 1935 229 2003 existimans,
250 1943 342 1989 tantas
365 1935 452 1989 videri
478 1936 567 1989 Italiae
590 1936 743 2001 facultates,
765 1944 804 2003 ut,
824 1936 848 1989 si

59 2017 127 2087 quid
138 2026 211 2071 esset
223 2017 253 2070 in
265 2017 338 2071 bello
351 2017 507 2071 detrimenti
525 2026 678 2086 acceptum,
690 2034 746 2070 non
764 2017 848 2070 modo

58 2099 89 2153 id
114 2098 191 2153 brevi
220 2107 345 2168 tempore
374 2097 477 2167 sarciri,
505 2099 555 2153 sed
585 2099 669 2153 etiam
698 2099 848 2169 majoribus

59 2179 190 2249 adaugeri
208 2180 296 2250 copiis
314 2189 416 2248 posset
454 2181 536 2250 Quod
554 2197 640 2250 quum
656 2182 803 2251 Pompeius
821 2190 849 2236 et

58 2261 217 2332 reipublicae
229 2271 258 2317 et
269 2262 401 2317 amicitiae
417 2263 566 2331 tribuisset,
582 2262 706 2317 celeriter
723 2263 848 2317 confecto

59 2361 110 2416 per
126 2360 192 2398 suos
210 2344 329 2414 delectu,
347 2346 435 2400 tribus
456 2354 521 2399 ante
541 2354 666 2399 exactam
682 2345 803 2400 hiemem
822 2355 849 2399 et

60 2425 217 2480 constitutis
247 2435 275 2480 et
304 2427 433 2481 adductis
462 2426 626 2496 legionibus,
655 2427 848 2496 duplicatoque

59 2523 155 2563 earum
166 2508 322 2562 cohortium
333 2525 456 2578 numero,
469 2525 538 2579 quas
550 2525 614 2563 curn
628 2510 730 2578 Quinto
742 2509 849 2563 Titurio

60 2588 198 2658 amiserat,
211 2599 239 2644 et
253 2590 393 2645 celeritate
409 2600 436 2644 et
453 2590 539 2660 copiis
558 2591 660 2661 docuit,
672 2591 739 2662 quid
752 2591 848 2660 Populi

61 2671 182 2730 Romani
194 2671 341 2746 disciplina
353 2679 436 2741 atque
447 2688 514 2741 opes
526 2681 647 2742 possent
660 2681 663 2688 “

445 2765 463 2810 B
