1958 3308
155 211 189 262 2⁶
366 211 395 265 c.
415 209 531 280 Jurrr
552 208 737 264 cAEsArrrs

154 348 228 402 intus
246 348 412 416 praesidium
451 351 628 418 Perrumpere
646 349 776 418 nituntur,
790 365 876 418 seque
890 351 948 420 ipsi

154 432 343 500 adhortantur,
365 449 400 486 ne
419 440 527 486 tantam
547 432 685 486 fortunam
704 449 737 486 ex
754 432 883 488 manibus
902 435 946 488 di·

154 512 273 567 mittant.

188 595 354 648 XXXVIII.
374 596 443 648 Erat
452 611 525 663 aeger
534 594 700 664 inpraesidio
710 595 819 650 relictus
830 594 946 653 Publius

155 675 265 730 Sextius
284 676 412 747 Baculus,
432 678 479 747 qui
499 677 620 748 primurn
640 678 727 747 pilum
746 678 783 731 ad
802 678 946 736 Caesarem

154 759 277 828 duxerat,
290 758 366 828 cujus
384 760 554 813 mentionem
572 759 757 828 superioribus
771 757 877 827 proeliis
888 760 946 814 sec-

154 841 234 909 imuS,
250 859 284 896 ac
303 842 379 895 diem
394 843 456 911 jam
476 841 603 911 quintum
624 842 686 895 cibo
708 851 839 896 caruerat.
878 842 946 912 Hic,

154 923 259 976 diffisus
280 940 337 976 suae
353 931 436 992 atque
455 924 580 977 omnium
598 923 687 991 saluti,
703 923 817 977 inermis
833 939 868 978 ex
883 924 946 978 tab·

154 1005 283 1058 emaculo
303 1004 414 1075 prodit:
436 1005 512 1060 videt
533 1005 677 1060 imminere
697 1006 800 1074 hostes,
812 1014 896 1074 atque
914 1006 946 1060 in

155 1102 263 1139 summo
275 1102 337 1140 esse
348 1103 407 1140 rem
419 1087 593 1142 discrimine:
606 1087 681 1156 capit
693 1104 771 1140 arma
783 1103 801 1139 a
811 1087 946 1156 proximis

154 1177 237 1236 atque
248 1169 277 1220 in
290 1175 370 1237 porta
382 1168 517 1222 consistit
555 1169 767 1238 Consequuntur
782 1170 856 1223 hunc
868 1178 946 1225 cent·

155 1250 263 1304 uriones
272 1252 331 1320 ejus
341 1251 471 1320 cohortis,
481 1267 544 1320 quae
553 1251 582 1303 in
591 1251 710 1305 statione
719 1260 778 1305 erat
788 1269 794 1305 :
806 1251 946 1321 paulisper

154 1338 210 1384 una
222 1331 350 1400 proelium
363 1332 505 1387 sustinent
539 1332 681 1402 Relinquit
692 1332 802 1387 animus
812 1333 946 1403 Sextium,

154 1415 282 1482 gravibus
312 1415 433 1483 acceptis
462 1414 639 1470 vuhreribus:
668 1415 742 1484 aegre
769 1433 820 1486 per
844 1421 946 1471 mamis

154 1504 257 1549 tractus
281 1506 412 1549 servatur.
450 1497 514 1550 Hoc
538 1497 628 1566 spatio
653 1497 823 1568 interposito,
847 1497 946 1567 reliqui

155 1593 215 1631 sese
227 1578 392 1632 confirmant
404 1577 520 1646 tantdm,
533 1587 563 1632 ut
574 1579 604 1632 in
614 1579 815 1633 munitionibus
828 1580 945 1636 consist-

154 1676 199 1713 ere
211 1660 339 1729 audeant,
353 1660 528 1729 speciemque
540 1661 716 1716 deIensorum
728 1662 877 1731 praebeant.

189 1743 323 1795 XXXIX
344 1742 458 1798 Interim
470 1742 597 1797 confecta
610 1743 829 1813 frumentatione,
842 1744 946 1800 milites

154 1823 240 1877 nostri
264 1824 415 1878 clamorem
439 1824 604 1888 exaudiunt;
636 1836 806 1895 praecurrunt
829 1826 946 1895 equites,

154 1914 258 1974 quanto
277 1905 312 1960 sit
332 1923 376 1959 res
396 1906 425 1959 in
444 1906 575 1975 periculo,
587 1916 765 1975 cognoscunt.
804 1907 860 1962 Hic
879 1925 947 1963 vero

154 1989 229 2041 nulla
247 1989 364 2043 munitio
383 1997 433 2057 est,
447 2005 510 2057 quae
529 1989 687 2057 perterritos
706 1988 839 2058 recipiat:
859 1989 947 2043 modo

154 2070 310 2139 conscripti,
319 2080 401 2139 atque
410 2075 475 2123 usus
484 2069 610 2122 militaris
624 2069 750 2139 Imperiti,
759 2070 796 2123 ad
805 2071 946 2125 tribunum

153 2151 271 2205 militurn
284 2151 513 2217 centurionesque
522 2166 570 2202 ora
582 2160 760 2205 convertunt:
772 2151 840 2220 quid
851 2152 888 2206 ab
900 2152 946 2206 his

155 2232 336 2300 praecipiatur,
349 2240 517 2299 exspectant
550 2233 641 2286 Nemo
654 2243 696 2287 est
708 2242 768 2287 tam
779 2234 864 2302 fortis,
878 2233 947 2304 quin

153 2313 194 2367 rei
220 2313 343 2366 novitate
368 2313 546 2382 perturbetur.
590 2314 713 2384 Barbari,
741 2315 821 2384 signa
849 2316 946 2386 procul

153 2394 315 2463 conspicati,
327 2395 533 2464 oppugnatione
554 2395 711 2451 desistunt:
731 2398 837 2453 redisse
855 2397 946 2467 primo

128 2539 130 2543 Ι
153 2477 275 2544 legiones
285 2477 407 2543 credunt,
417 2493 487 2546 quas
496 2477 605 2547 longiis
615 2478 947 2549 dIscessisseexcaptivIs

154 2566 359 2626 cognoverant:
377 2567 484 2627 postea,
496 2559 629 2628 despecta
646 2561 794 2630 paucitate,
807 2578 841 2616 ex
853 2562 945 2618 omni-

154 2641 205 2694 bus
218 2640 342 2708 partibus
355 2639 488 2709 impeturn
503 2642 615 2696 iaciunt

188 2722 247 2779 XL
268 2721 387 2777 Calones
400 2721 429 2775 in
441 2724 597 2791 proximum
616 2724 750 2778 tumulum
762 2735 946 2794 procurrunt:
