1936 3120
158 239 218 293 nr
240 240 374 295 uarro
400 240 583 309 σΑιιιεο,
605 240 684 295 ura.
709 240 753 294 Vr.
814 253 847 309 23

57 375 173 445 singulis
198 378 292 433 deerat
316 378 441 434 audacia
477 379 515 435 At
533 378 562 433 in
580 378 715 448 ejusmodi
733 378 848 433 difficul-

57 459 309 529 tatibus,quantum
318 460 848 531 diligentiaprovideripoterat,provid-

56 541 170 607 ebatur;
196 552 228 597 ut
244 543 337 613 potius
359 546 388 598 in
404 545 531 599 nocendo
550 544 655 614 aliquid
671 544 847 612 omitteretur,

56 622 109 677 etsi
122 624 247 679 omnium
259 626 345 680 animi
359 627 396 680 ad
407 626 596 681 ulciscendum
608 626 751 694 ardebant,
763 625 848 694 quarn

56 720 121 758 cum
136 705 229 776 aliquo
245 707 365 762 militum
382 708 548 763 detrimento
565 717 716 762 noceretur.
754 707 849 761 Caesar

56 787 94 840 ad
106 787 238 843 finitimas
250 789 376 845 civitates
388 791 500 845 nuntios
514 789 636 858 dimittit,
648 805 745 844 omnes
763 789 800 842 ad
818 805 849 842 se

56 879 155 925 evocat
178 887 228 940 spe
251 872 362 941 praedae,
386 874 424 927 ad
447 871 616 941 diripiendos
641 872 794 937 Eburones,
818 879 849 924 ut

54 951 148 1022 pot-ihs
164 952 198 1011 in
219 953 295 1008 silvis
320 955 462 1009 Gallorum
482 955 548 1022 vita,
573 953 658 1023 quim
681 951 849 1021 legionarius

55 1032 145 1101 miles,
162 1033 350 1102 periclitetur;
381 1035 463 1110 simul
486 1044 524 1104 ut,
547 1041 650 1102 magna
673 1032 849 1087 multitudine

55 1115 230 1185 circumfusa,
256 1134 307 1186 pro
331 1118 379 1172 tali
409 1117 539 1184 facinore,
570 1116 653 1186 stirps
682 1133 716 1170 ac
745 1131 849 1169 nomen

55 1196 176 1252 civitatis
185 1199 303 1254 tollatur.
322 1201 444 1268 Magnus
454 1200 576 1270 undique
585 1215 714 1253 numerus
725 1198 849 1253 celeriter

55 1278 193 1333 convenit.

91 1362 208 1415 XXXV.
229 1362 301 1416 Haec
331 1363 360 1416 in
384 1362 513 1417 omnibus
537 1363 701 1416 Eburonum
724 1362 848 1431 partibus

55 1443 228 1512 gerebantur,
249 1444 364 1514 diesque
380 1445 529 1514 appetebat
547 1445 688 1513 septimus,
707 1460 791 1512 quem
811 1445 850 1499 ad

55 1525 132 1578 diem
153 1526 248 1579 Caesar
265 1527 304 1580 ad
324 1527 523 1596 impedimenta
540 1527 732 1596 legionemque
749 1527 849 1582 reverti

55 1607 243 1662 constituerat
282 1609 346 1677 Hic,
359 1619 494 1679 quantum
505 1608 535 1662 in
546 1610 619 1663 bello
633 1610 744 1663 fortuna
760 1611 849 1678 possit

55 1698 84 1743 et
96 1699 214 1758 quantos
223 1690 320 1745 afferat
333 1697 422 1760 casus,
432 1691 562 1761 cognosci
571 1691 667 1761 potuit
697 1691 849 1762 Dissipatis

55 1787 90 1823 ac
111 1771 260 1838 perterritis
277 1773 412 1840 hostibus,
429 1783 460 1827 ut
478 1772 736 1842 demonstravimus,
749 1788 850 1828 manus

55 1862 115 1906 erat
144 1853 227 1921 nulla,
258 1870 321 1923 quae
350 1871 465 1923 parvam
493 1854 578 1909 modb
604 1871 719 1910 causam
742 1856 848 1910 timoris

55 1933 172 1988 afferret.
214 1937 305 1988 Trans
330 1936 460 1991 Rhenum
483 1937 521 1991 ad
546 1938 701 1992 Germanos
725 1936 849 2006 pervenit

55 2016 139 2084 sama,
149 2016 230 2085 diripi
240 2018 561 2089 Eburones,atqueultro
571 2036 668 2076 omnes
677 2019 849 2087 adpraedam

55 2099 172 2153 evocari.
210 2100 319 2169 Cogunt
332 2102 454 2170 equitum
466 2102 522 2155 duo
536 2102 623 2155 millia
642 2100 789 2171 Sigambri‚
801 2102 849 2171 qui

55 2190 120 2235 sunt
141 2181 258 2249 proximi
283 2183 391 2251 Rheno,
412 2201 430 2237 a
454 2184 554 2252 quibus
578 2193 703 2253 receptos
727 2200 761 2237 ex
783 2183 848 2253 iugi

54 2263 247 2317 Tenchtheros
283 2274 366 2334 atque
403 2266 536 2335 Usipetes
572 2267 655 2336 supra
685 2266 849 2322 docuimus:

56 2353 197 2418 transeunt
229 2345 361 2399 Rhenum
391 2348 508 2401 navibus
538 2349 706 2418 ratibusque,
736 2348 848 2417 triginta

56 2425 176 2479 millibus
194 2442 327 2495 passuum
344 2428 416 2482 infra
434 2446 498 2483 eum
515 2430 615 2497 locum,
634 2430 681 2483 ubi
700 2446 771 2498 pons
789 2439 849 2485 erat

55 2507 192 2576 perlectus
201 2509 415 2579 praesidiumque
422 2511 459 2565 ab
470 2512 581 2566 Caesare
590 2513 731 2566 relictum:
743 2512 848 2581 primos

55 2591 218 2644 Eburonum
236 2592 304 2646 fines
322 2593 433 2662 adeunt,
454 2594 555 2647 multos
573 2610 607 2648 ex
625 2595 690 2664 fuga
707 2594 848 2664 dispersos

54 2671 202 2740 excipiunt,
237 2688 339 2740 magno
375 2674 482 2742 pecoris
518 2691 641 2745 numero,
671 2675 749 2742 cujus
783 2683 847 2729 sunt

54 2753 227 2825 cupidissimi
256 2755 376 2824 barbari,
406 2756 560 2827 potiuntur.
604 2756 729 2812 lnuitaix
753 2753 874 2819 qratia,
