1958 3308
161 230 220 282 nn
242 229 377 284 netto
402 228 580 292 critice,
598 231 671 295 ΠΒ,
697 228 739 283 vr.
829 237 844 288 3

56 371 122 424 Hac
137 385 167 423 re
181 386 232 439 pro
251 378 382 438 suggestu
398 368 585 439 pronuntiata,
602 368 699 423 eodem
719 369 764 424 die
782 385 845 424 cum

55 452 211 521 legionibus
223 452 252 505 in
265 453 389 507 Senones
407 451 596 523 proficiscitur,
608 452 772 523 magnisque
783 452 846 506 itin-
891 494 893 498 .

56 535 149 590 eribus
161 535 194 590 eb
205 535 337 605 pervenit
545 596 549 605 ,

93 619 141 671 IV.
165 618 283 686 Cognito
307 619 367 688 ejus
392 618 521 687 adventu,
539 618 625 687 Acco,
647 617 694 687 qui
717 617 846 688 princeps

55 701 115 772 ejus
134 700 241 754 consilii
262 700 359 767 fuerat,
373 701 453 770 jubet
470 701 500 754 in
518 701 622 771 oppida
641 700 846 755 multitudinem

55 783 221 848 convenire;
243 783 415 852 conantibus,
428 783 590 853 priusquam
608 783 638 836 id
655 783 727 838 effici
744 792 845 852 posset,

55 867 156 920 adesse
181 867 325 919 Romanos
348 865 508 931 nuntium
532 865 689 920 necessarib
711 864 847 919 sententia

56 947 202 1015 desistunt,
210 947 371 1018 legatosque
383 947 550 1016 deprecandi
562 953 647 1001 causa
659 947 697 1001 ad
707 949 847 1001 Caesarem

56 1029 185 1094 mittunt;
215 1029 318 1084 adeunt
341 1046 391 1099 per
414 1029 532 1099 AEduos,
556 1046 673 1099 quorum
696 1031 847 1101 antiquitus

56 1121 117 1168 erat
139 1112 169 1166 in
193 1111 248 1166 fide
272 1112 377 1167 civitas.
415 1112 545 1182 Libenter
569 1114 665 1167 Caesar
690 1113 847 1182 petentibus

57 1194 157 1248 AEduis
170 1193 219 1248 dat
230 1194 350 1263 veniam,
362 1194 623 1265 excusationemque
637 1195 739 1263 accipit
746 1213 755 1260 ς
772 1193 847 1265 quod

56 1275 185 1333 aestivum
209 1285 319 1344 tempus
346 1275 475 1330 instantis
499 1275 572 1344 belli,
596 1292 654 1331 non
678 1276 847 1344 quaestionis,

56 1375 119 1415 esse
128 1359 319 1413 arbitrabatur.
352 1358 505 1412 Obsidibus
513 1358 656 1428 imperatis
665 1359 846 1426 centum‚bos

57 1441 158 1495 AEduis
176 1440 372 1495 custodiendos
389 1440 481 1495 tradit
519 1439 629 1493 Eodem
642 1440 777 1494 Carnutes
791 1441 847 1509 leg·

57 1533 119 1579 atos
131 1522 298 1593 obsidesque
316 1522 437 1591 mittunt,
449 1521 492 1576 usi
504 1521 729 1592 deprecatoribus
743 1523 848 1591 Remis,

58 1622 175 1677 quorum
187 1614 265 1660 erant
276 1605 306 1658 in
318 1604 465 1660 clientela:
482 1605 581 1659 eadem
597 1605 688 1659 ierunt
705 1621 846 1674 responsa

59 1688 170 1758 Peragit
188 1687 335 1742 concilium
348 1687 452 1756 Caesar,
469 1687 629 1757 equitesque
646 1687 764 1757 imperat
784 1687 847 1741 civi·

58 1771 170 1825 tatibus.

93 1855 128 1909 V.
146 1855 210 1906 Hac
228 1861 307 1921 parte
325 1852 424 1907 Galliae
445 1857 554 1921 pacata,
572 1860 646 1906 totus
664 1860 693 1905 et
710 1859 803 1907 mente
822 1863 848 1906 et

58 1936 153 1990 animo
165 1935 195 1988 in
206 1935 310 1988 bellurn
322 1934 499 1989 Trevirorum
511 1944 539 1989 et
550 1934 720 2003 Ambiorigis
738 1934 846 1988 insistit

59 2018 227 2074 Cavarinum
240 2034 303 2072 cum
315 2018 437 2088 equitatu
452 2018 593 2072 Senonum
605 2032 700 2070 secum
711 2017 848 2085 proficisci

55 2103 141 2173 jubet,
159 2101 275 2170 nequis
295 2109 343 2154 aut
361 2117 395 2154 ex
411 2100 493 2169 hujus
514 2099 665 2167 iracundia,
683 2108 731 2153 aut
751 2117 786 2153 ex
806 2116 848 2169 eo,

58 2184 133 2255 quod
151 2193 296 2252 meruerat,
311 2183 376 2237 odio
394 2181 521 2250 civitatis,
539 2190 631 2236 motus
647 2181 770 2235 exsistat.
793 2183 847 2235 His

57 2264 141 2318 rebus
171 2263 335 2330 constitutis,
364 2259 440 2333 qubd
468 2279 518 2332 pro
547 2262 688 2332 explorato
717 2264 847 2332 babebat,

58 2345 248 2413 Ambiorigem
256 2345 354 2414 proelio
366 2361 422 2397 non
434 2360 496 2398 esse
508 2354 736 2414 concertaturum,
744 2347 848 2415 reliqua

59 2429 118 2499 ejus
136 2427 252 2482 consilia
269 2427 363 2481 animo
381 2425 627 2496 circumspiciebat.
664 2427 753 2481 Erant
769 2428 848 2481 Men-

58 2511 115 2581 apii
125 2509 273 2581 propinqui
287 2511 450 2564 Eburonum
462 2509 571 2578 finibus,
584 2509 724 2578 perpetuis
742 2509 848 2578 paludi-

58 2595 111 2649 bus
129 2592 260 2663 silvisque
277 2593 384 2662 muniti,
396 2592 444 2662 qui
455 2592 503 2645 uni
516 2608 550 2646 ex
564 2591 655 2646 Gallia
673 2591 709 2646 de
725 2607 795 2661 pace
811 2592 847 2648 ad

59 2677 201 2730 Caesarem
212 2676 319 2744 legatos
330 2691 473 2746 nunquam
484 2674 623 2729 miserant
658 2674 730 2728 Cum
741 2673 775 2727 iis
787 2689 849 2728 esse

58 2757 210 2831 hospitium
229 2757 383 2827 Ambiorigi
407 2757 532 2812 sciebat:
555 2757 623 2812 item
645 2773 696 2827 per
719 2755 850 2810 Treviros

437 2851 474 2883 Η
