1958 3308
183 214 244 267 DE
264 214 399 269 BELLO
425 213 607 281 GALLICO,
631 214 707 267 LIB.
734 212 778 267 VI.
848 226 878 282 ις

96 352 158 407 lsrta
169 354 260 408 omnis
271 353 301 407 in
312 352 505 408 venationibus
517 361 600 424 atque
613 353 641 407 in
654 353 753 408 studiis
766 353 805 408 rei
820 353 880 407 mil·

91 434 169 491 itaris
198 436 343 492 consistit:
371 437 408 490 ab
437 437 558 506 parvuIIs
586 437 675 491 labori
705 453 739 490 ac
774 435 881 492 duritiae

92 602 243 655 mardrnam
251 600 323 655 inter
331 617 396 655 suos
404 601 495 655 serunt
501 601 625 656 laudem:
632 601 686 655 hoc
693 601 730 655 ali
741 609 882 669 staturam,

93 683 130 737 ali
141 683 195 737 hoc
212 683 285 738 vires
302 699 457 753 nervosque
475 683 641 753 confirmari,
659 691 766 752 putant.
805 684 882 736 Intra

93 781 197 819 annum
218 782 283 821 vero
301 765 463 820 vicesimum
480 765 592 819 feminae
609 766 736 820 notitiam
753 765 884 819 habuIsse

93 848 123 900 in
141 847 306 916 turpissimis
329 847 435 901 babent
457 848 561 902 rebus:
585 847 663 917 cujus
681 847 721 900 rei
745 848 821 901 nulla
841 855 884 900 est

95 931 250 999 occultatio,
271 926 346 1000 qubd
364 939 392 985 et
411 929 570 1000 promiscue
598 931 627 984 In
645 929 805 984 fluminibus
823 946 884 999 per-

95 1013 211 1082 luuntur,
224 1022 251 1068 et
262 1013 380 1082 pellibus
392 1021 440 1066 aut
451 1013 545 1082 parvis
556 1013 712 1066 rhenonum
724 1012 883 1081 tegimentis

94 1104 213 1164 utuntur,
226 1101 329 1164 magna
341 1094 462 1164 corporis
474 1103 554 1165 parte
566 1094 650 1150 nuda

129 1178 226 1231 XXII.
244 1177 427 1246 Agrinrlturae
438 1193 495 1230 uon
507 1177 620 1232 student
632 1197 640 1242 3
658 1177 803 1247 majorque
820 1193 885 1247 pars

96 1259 184 1314 rictus
196 1275 291 1314 eorum
303 1259 332 1313 in
343 1259 423 1327 lacte,
436 1275 527 1326 caseo,
539 1274 622 1313 carne
634 1259 762 1314 consistit
772 1276 885 1329 :neque

94 1341 242 1412 quisquam
253 1341 312 1410 agri
324 1341 439 1395 modum
451 1351 557 1396 certum
568 1350 617 1396 aut
634 1341 704 1396 fines
721 1343 807 1396 habet
824 1359 885 1411 pro-

96 1424 191 1493 prios;
222 1423 273 1479 sed
302 1424 480 1494 magistratus
506 1441 541 1478 ac
570 1423 708 1493 principes
738 1424 768 1477 in
796 1440 886 1478 annos

95 1505 217 1574 singulos
240 1506 368 1574 gentibus
388 1505 651 1575 cognationibusque
668 1505 820 1574 hominum,
839 1506 886 1576 qui

96 1586 151 1639 una
162 1585 283 1655 coierint,
297 1595 439 1655 quantum,
457 1594 486 1640 et
498 1602 553 1656 quo
570 1587 632 1640 loco
649 1586 740 1639 visum
758 1595 809 1655 est,
827 1586 887 1653 agri

94 1669 254 1736 attribuunt,
277 1677 360 1738 atque
382 1685 457 1722 anno
477 1667 542 1738 pbst
562 1667 617 1723 alib
635 1669 752 1722 transire
776 1677 885 1736 cogunt

96 1751 165 1821 Ejus
177 1751 217 1804 rei
228 1751 331 1805 multas
349 1750 467 1805 afferunt
484 1767 603 1816 causas;
623 1766 667 1819 ne,
688 1750 802 1805 assidua
821 1768 886 1805 con·

94 1833 240 1887 suetudine
258 1833 341 1902 captI,
365 1833 489 1887 studium
506 1833 570 1887 belli
588 1833 702 1902 gerendi
720 1833 888 1902 agricultura

95 1922 267 1968 commutent
274 1932 282 1980 ;
300 1930 335 1967 ne
347 1914 420 1968 latos
438 1914 507 1968 fines
519 1930 618 1983 parare
629 1914 766 1981 studeant,
778 1923 886 1984 potent·

95 1997 222 2066 ioresque
246 1996 405 2051 humiliores
423 1996 646 2066 possessionibus
667 1997 805 2064 expellant
816 2016 824 2062 ;
851 2013 887 2051 ne

95 2078 250 2132 accuratius
262 2078 299 2131 ad
305 2077 408 2147 frigora
414 2087 498 2149 atque
507 2083 591 2132 aestus
601 2077 728 2132 vitandos
738 2077 884 2144 aedificent;

95 2177 131 2215 ne
143 2177 199 2231 qua
211 2160 314 2215 oriatur
321 2161 447 2230 pecuniae
456 2161 601 2230 cupiditas,
612 2166 668 2231 qua
675 2177 708 2214 ex
716 2177 746 2214 re
753 2160 886 2215 factiones

96 2243 338 2313 dissensionesque
346 2252 498 2298 nascuntur
505 2262 513 2309 3
526 2252 556 2297 ut
568 2243 654 2296 animi
667 2242 798 2313 aequitate
810 2243 887 2312 pleb·

96 2341 142 2382 em
154 2325 322 2394 contineant,
330 2341 416 2394 quum
425 2342 490 2380 suas
500 2325 616 2395 quisque
628 2341 695 2394 opes
709 2341 772 2379 curn
779 2335 887 2394 potent-

95 2407 200 2462 issimis
211 2406 316 2476 aequari
327 2407 428 2461 videat.

132 2490 244 2544 XXIII.
266 2489 430 2544 Civitatibus
443 2490 565 2543 maxIma
575 2490 637 2543 laus
650 2498 700 2558 est,
715 2489 800 2560 quam
811 2490 887 2544 latis-

97 2573 183 2627 sImas
195 2572 298 2626 circum
310 2588 340 2626 se
352 2572 467 2626 vastatis
480 2571 581 2626 finibus
599 2572 760 2627 solitudines
779 2573 887 2627 habere.

98 2656 163 2709 Hoc
186 2653 327 2723 proprium
349 2653 457 2708 virtutis
484 2653 649 2723 existimant,
669 2655 796 2723 expulsos
814 2655 887 2722 angs

99 2735 229 2796 finitimos
253 2734 359 2805 cedere,
382 2750 472 2805 neque
495 2752 653 2807 quenquam
676 2751 763 2804 prope
787 2735 888 2790 audere
