1958 3308
138 241 171 281 20
348 229 377 285 e.
396 230 513 300 JULJJ
534 229 720 285 cAEsAnls

137 369 212 421 Nam
240 367 311 422 sicut
339 385 442 438 magno
461 369 563 424 accidit
581 385 658 438 casu,
678 379 709 424 ut
726 368 756 423 in
773 367 869 439 ipsum
891 371 932 425 in·

136 460 248 505 cautum
259 460 343 522 atque
355 452 439 505 etiam
451 451 619 521 imparatum
634 451 774 519 incideret,
797 451 933 523 priusque

135 534 194 603 ejus
215 533 353 588 adventus
370 535 406 588 ab
425 534 585 590 hominibus
597 533 742 603 videretur,
755 534 842 604 quim
854 535 932 589 fama

136 632 169 670 ac
192 616 304 670 nuntius
328 617 463 671 adventus
487 618 649 672 afferretur:
679 617 719 672 sic
743 633 856 686 magnae
880 617 932 672 fuit

135 698 260 766 sortunae,
274 699 350 753 omni
363 700 475 754 militari
487 699 680 769 instrumento,
692 700 767 770 quod
779 701 888 755 circum
900 716 932 756 se

135 782 265 849 habebat,
297 792 399 850 erepto,
433 782 527 836 rhedis
553 782 686 851 equisque
711 782 931 851 comprehensis,

135 862 227 932 ipsum
248 864 366 931 effugere
387 874 512 918 mortem
551 865 607 919 Sed
627 866 682 920 hoc
699 881 733 919 eo
754 864 861 919 sactum
878 874 931 935 est,

136 945 218 1015 quod,
231 945 349 999 aedificio
362 945 532 1000 circumdato
544 948 679 1002 silva-ut
691 956 755 1002 sunt
767 948 825 1002 sere
840 947 931 1002 domi·

136 1027 199 1082 cilia
213 1028 363 1097 Gallorum,
376 1029 432 1098 qui,
444 1029 550 1083 vitandi
563 1040 647 1084 aestus
659 1036 752 1100 causa,
765 1031 930 1101 plerumque

136 1111 267 1164 silvarum
279 1127 312 1165 ac
324 1111 469 1165 fluminum
481 1122 578 1181 petunt
590 1113 930 1183 propinquitates-com·

135 1191 187 1246 iles
211 1192 415 1262 familiaresque
440 1195 498 1264 ejus
520 1204 638 1264 angusto
658 1199 689 1250 in
707 1196 769 1250 loco
788 1195 931 1266 paulisper

136 1275 259 1344 equitum
282 1284 440 1329 nostrorum
457 1276 514 1329 vim
533 1278 728 1332 sustinuerunt.
767 1276 821 1331 His
840 1294 930 1347 pugn·

135 1358 254 1426 antibus,
276 1358 354 1412 illum
377 1359 406 1411 in
424 1375 526 1428 equum
544 1359 659 1428 quidam
677 1376 711 1414 ex
734 1358 792 1413 suis
815 1359 930 1417 intulit:

135 1441 285 1509 fugientem
309 1441 386 1494 silvae
409 1450 541 1496 texerunt
580 1442 627 1496 Sic
646 1450 674 1495 et
694 1442 731 1496 ad
753 1442 931 1497 subeundum

135 1523 296 1591 periculum,
308 1532 336 1576 et
347 1523 384 1576 ad
396 1523 549 1593 vitandum,
561 1523 680 1578 multum
691 1524 801 1579 fortuna
811 1525 908 1581 valuit.

171 1605 277 1658 XXXI.
298 1603 442 1658 Ambiorix
454 1605 548 1674 copias
558 1622 623 1660 suas
633 1606 775 1676 judicione
793 1623 850 1660 non
863 1624 930 1662 con·

37 1755 40 1761 Ι
135 1686 249 1755 duxerit,
271 1686 346 1756 quod
364 1687 462 1755 proelio
480 1689 670 1743 dimicandum
688 1706 745 1742 non
757 1689 931 1763 existimarit,

136 1786 172 1822 an
184 1777 308 1838 tempore
321 1770 447 1823 exclusus
459 1779 487 1824 et
499 1771 643 1840 repentino
662 1772 787 1841 equitum
804 1771 930 1826 adventu

135 1851 298 1919 prohibitus,
311 1867 397 1921 quum
408 1853 544 1922 reliquum
551 1854 700 1907 exercitum
710 1852 842 1922 subsequi
850 1854 930 1908 cred·

134 1934 930 2005 erendubiumest:sedcerte,dimissisperagrosnuntiis,

135 2017 188 2071 sibi
212 2034 350 2087 quemque
374 2017 516 2070 consulere
537 2016 638 2085 jussit:
668 2033 786 2086 quorum
809 2033 875 2085 pars
899 2017 930 2072 in

134 2100 315 2153 Arduennam
338 2098 446 2165 silvam,
470 2115 534 2166 pars
558 2099 588 2151 in
612 2099 785 2153 continentes
810 2099 930 2167 paludes

134 2179 272 2248 profugit:
293 2178 341 2247 qui
353 2178 470 2247 proximi
484 2179 628 2232 Oceanum
646 2179 763 2247 suerunt,
781 2179 811 2232 hi
829 2179 930 2235 insulis

135 2277 196 2315 sese
208 2261 422 2329 occultaverunt,
434 2276 503 2329 quas
516 2268 600 2316 aestus
613 2263 721 2317 efficere
739 2262 908 2318 consuerunt
922 2282 930 2320 z

134 2343 221 2410 multi,
244 2359 278 2397 ex
301 2342 358 2397 suis
382 2343 484 2398 finibus
508 2345 620 2414 egressi,
645 2361 676 2398 se
701 2362 806 2415 suaque
832 2346 929 2401 omnia

133 2425 310 2481 alienissimis
331 2426 513 2483 crediderunt.
551 2427 718 2495 Cativolcus,
736 2445 785 2482 rex
801 2427 929 2484 dimidiae

133 2509 219 2577 partis
234 2509 406 2578 Eburonum,
413 2509 460 2578 qui
468 2510 525 2563 una
534 2527 598 2564 cum
607 2510 769 2579 Ambiorige
778 2509 926 2566 consilium

133 2592 238 2658 inierat,
252 2600 335 2645 aetate
342 2592 404 2661 jam
415 2593 564 2662 confectus,
574 2608 660 2662 quum
669 2594 794 2648 laborem
802 2602 851 2647 aut
859 2594 931 2650 belli-

132 2683 180 2727 aut
192 2673 342 2743 sugaeserre
353 2690 410 2729 non
421 2684 523 2745 posset,
537 2675 666 2730 omnibus
682 2675 811 2745 precibus
822 2675 927 2733 detest-

132 2765 194 2811 atus
212 2755 411 2828 Ambiorigem,
436 2757 483 2828 qui
501 2758 560 2829 ejus
579 2756 687 2812 consilii
706 2766 802 2814 auctor
818 2756 926 2829 fuisset,
