1958 3308
188 234 249 292 me
269 238 404 296 nereo
429 238 610 309 patarco,
634 238 710 294 rra
736 238 780 295 vr.
849 251 878 293 ιι

95 377 157 432 loco
181 388 349 433 consecrato.
388 381 453 434 Huc
477 397 574 435 omnes
597 380 728 450 undique,
748 379 796 450 qui
816 395 881 434 con·

94 460 241 515 troversias
264 462 377 530 habent,
398 462 572 532 conveniunt,
594 478 743 532 eorumque
764 460 880 516 decretis

90 543 257 613 judiciisque
285 554 389 613 parent
439 545 595 615 Disciplina
618 545 648 599 in
672 543 817 598 Britarmiit
839 559 881 598 re·

93 634 172 693 perta
200 635 284 696 atque
306 627 372 681 inde
395 627 424 681 in
450 628 570 682 Galliam
593 627 728 681 translata
751 642 812 681 esse
835 642 880 680 ex·

93 705 249 763 istimatur:
272 716 300 763 et
318 725 401 779 nunc,
425 710 472 780 qui
494 709 652 780 diligentiis
677 725 740 763 eam
758 725 817 763 rem
835 724 881 763 co-

92 805 226 857 gnoscere
237 791 341 860 volont,
352 793 513 862 plerumque
524 793 571 846 illo
584 791 709 846 discendi
722 796 808 845 causa
818 807 880 861 pro·

92 870 258 928 ficiscuntur.

127 953 206 1008 XIV.
226 955 347 1009 Druides
364 972 382 1009 a
397 957 470 1011 bello
487 958 587 1012 abesse
605 956 779 1024 consuerunt,
791 970 878 1025 neque

92 1035 195 1090 tributa
211 1037 268 1090 una
286 1055 350 1092 cum
367 1039 479 1109 reliquis
502 1039 627 1108 pendunt
637 1057 645 1105 ;
669 1038 775 1093 militiae
798 1053 880 1091 vaca-

92 1117 197 1172 tionem
221 1119 399 1190 omniumque
423 1137 514 1174 rerum
539 1121 644 1175 habent
668 1119 876 1174 immunitatem.

91 1200 191 1254 Tantis
215 1202 325 1256 excitati
348 1203 479 1272 praemiis,
500 1212 528 1257 et
551 1209 603 1257 sua
625 1212 724 1271 sponte
747 1202 827 1256 multi
850 1201 880 1255 in

92 1282 267 1352 disciplinam
280 1285 454 1353 conveniunt,
467 1294 495 1339 et
507 1285 695 1355 aparentibus
707 1283 879 1354 propinquis-

92 1382 146 1435 que
172 1367 324 1423 mittuntun
361 1371 498 1438 Magnum
521 1369 559 1423 ibi
582 1384 727 1423 numerum
750 1381 880 1421 versuum

91 1449 215 1504 ediscere
227 1450 355 1505 dicuntur
367 1452 477 1522 :itaque
490 1468 578 1505 annos
590 1451 714 1504 nonnulli
726 1448 838 1503 vicenos
850 1448 879 1501 in

92 1531 239 1601 disciplina
255 1543 424 1602 permanent
463 1536 562 1604 Neque
577 1533 620 1586 sas
636 1549 698 1587 esse
713 1531 879 1598 existimant,

91 1630 126 1667 ea
146 1614 232 1668 literis
256 1615 398 1685 mandare,
419 1632 505 1685 quum
525 1617 554 1669 in
574 1616 684 1685 reliquis
708 1615 765 1668 fere
788 1614 879 1681 rebus,

91 1696 209 1764 publicis
240 1696 409 1767 privatisque
441 1698 602 1766 rationibus,
633 1698 739 1752 Graecis
768 1704 879 1751 utantur

91 1778 185 1833 literis.
224 1780 258 1833 ld
275 1781 344 1833 mihi
362 1780 469 1834 duabus
488 1781 523 1834 de
541 1781 632 1834 causis
652 1779 803 1834 instituisse
819 1778 879 1832 vid-

91 1870 187 1926 entur;
211 1861 285 1931 quod
305 1879 396 1932 neque
413 1863 443 1916 in
459 1864 572 1932 vulgum
593 1863 769 1932 disciplinam
790 1861 879 1916 efferri

91 1944 185 2013 velint,
194 1959 283 2014 neque
296 1961 353 2014 eos,
362 1945 409 2013 qui
421 1946 539 2014 discant,
550 1945 636 1999 literis
648 1945 774 2012 confisos,
786 1943 879 1996 mimis

92 2026 233 2080 memoriae
252 2027 381 2082 studere:
401 2026 476 2097 qudd
493 2027 550 2080 fere
567 2027 704 2095 plerisque
722 2026 831 2094 accidit,
849 2035 880 2080 ut

92 2108 222 2177 praesidio
243 2109 384 2163 literarum
404 2109 576 2177 diligentiam
596 2108 625 2161 in
645 2107 828 2178 perdiscendo
845 2125 879 2162 ac

92 2192 256 2246 memoriam
275 2192 423 2246 remittant
462 2194 496 2246 ln
514 2190 611 2261 primis
631 2191 685 2246 hoc
704 2191 799 2245 volunt
819 2207 879 2261 per·

94 2274 217 2343 suadere,
240 2290 297 2328 non
322 2274 433 2329 interire
456 2273 573 2344 animas,
597 2274 648 2329 sed
671 2275 707 2328 ab
731 2273 793 2328 aliis
816 2282 880 2342 post

93 2366 211 2411 mortem
232 2356 348 2411 transire
367 2356 404 2410 ad
422 2356 510 2412 alios:
530 2366 614 2427 atque
634 2357 687 2410 hoc
706 2355 826 2410 maxime
844 2355 881 2410 ad

92 2439 222 2494 virtutem
248 2439 361 2493 excitari
387 2449 495 2508 putant,
520 2448 597 2494 metu
622 2439 719 2493 mortis
745 2439 879 2508 neglecto.

94 2522 186 2577 Multa
202 2531 336 2592 praeterea
348 2523 383 2576 de
395 2522 532 2576 sideribus
543 2531 627 2591 atque
639 2538 735 2576 eorum
748 2529 834 2589 motu,
846 2519 882 2576 de

94 2605 190 2660 mundi
208 2621 242 2658 ac
260 2614 393 2659 terrarum
410 2605 608 2674 magnitudine,
621 2606 656 2659 de
668 2622 759 2659 rerum
774 2609 882 2672 natura,

94 2689 131 2743 de
145 2688 259 2742 deorum
277 2687 473 2744 immortalium
490 2688 518 2743 vi
536 2705 570 2744 ac
586 2697 723 2762 potestate
741 2687 882 2756 disputant

95 2780 122 2826 et
131 2770 267 2842 juventuti
278 2771 431 2826 transdunt
