1958 3308
153 216 185 259 ιο
362 207 390 264 c.
409 207 526 279 JULJJ
547 208 733 263 cAEsAan

150 346 246 415 plebes
266 362 347 416 paene
368 363 510 402 servorum
530 349 647 402 habetur
667 364 738 417 roco,
758 363 821 418 quae
842 362 894 417 per
915 363 947 401 se

151 427 220 482 nihil
237 428 320 482 audet
337 438 366 483 et
383 431 459 484 nullo
478 429 625 484 adhibetur
645 429 768 485 consilio.
806 428 945 499 Plerique,

151 527 237 580 quum
255 519 302 565 aut
320 529 374 566 aere
392 513 491 582 alieno,
504 522 552 567 aut
563 513 755 581 magnitudine
768 511 945 579 tributorum,

151 603 200 648 aut
218 594 318 664 injuria
337 596 523 664 potentiorum
542 605 711 666 premuntur,
732 612 794 650 sese
811 595 841 648 in
858 593 945 649 servi·

151 684 239 730 tutem
257 676 351 731 dicant
368 678 527 734 nobilibus:
544 679 574 732 in
592 680 643 732 hos
661 678 760 733 eadem
773 676 868 730 omnia
879 684 946 731 sunt

150 759 220 828 jura,
237 775 300 828 quae
319 761 439 814 dominis
458 761 487 813 in
506 777 607 815 servos.
645 761 702 816 Sed
720 759 755 814 de
771 759 817 813 his
834 758 946 812 duobus

152 841 300 908 generibus
320 843 437 897 alterurn
455 851 497 897 est
516 841 662 911 Druidum,
675 842 791 896 alterum
810 839 944 909 equitum.

155 923 199 975 llli
222 924 305 977 rebus
329 924 431 978 divinis
455 924 598 993 intersunt,
619 924 755 980 sacrificia
777 923 890 992 publica
910 938 946 976 ac

155 1004 261 1073 privata
286 1015 442 1075 procurant,
468 1006 614 1075 religiones
641 1006 861 1075 interpretantur.
897 1004 946 1059 Ad

154 1086 206 1139 hos
235 1103 354 1156 magnus
383 1088 601 1144 adolescentium
630 1106 760 1145 numerus
790 1087 947 1157 disciplinae

155 1174 240 1222 causi
252 1169 396 1238 concurrit,
406 1186 563 1240 magnoque
575 1170 594 1224 ii
607 1180 671 1226 sunt
683 1171 758 1241 apud
771 1187 819 1225 eos
830 1169 946 1224 honore.

156 1251 232 1304 Nam
243 1250 300 1305 sere
311 1251 347 1306 de
360 1252 489 1306 omnibus
506 1253 700 1308 controversiis
718 1251 837 1322 publicis
853 1251 947 1321 priva·

154 1334 438 1404 tisqueconstituunt;
458 1345 493 1403 et,
507 1336 606 1405 siquod
614 1344 658 1390 est
666 1336 820 1390 admissum
828 1334 947 1403 facinus,

155 1416 179 1470 si
191 1418 282 1471 caedes
294 1418 376 1487 facta,
388 1418 412 1472 si
431 1418 466 1472 de
491 1418 653 1487 hereditate,
666 1419 690 1473 si
708 1419 744 1473 de
760 1418 862 1471 finibus
880 1433 948 1471 con·

155 1499 288 1552 troversia
303 1509 354 1567 est,
365 1499 451 1553 iidem
470 1500 639 1566 decemunt;
659 1500 775 1569 praemia
792 1515 949 1569 poenasque

156 1580 326 1634 constituunt
339 1598 344 1634 :
364 1580 387 1633 si
400 1581 447 1650 qui
458 1589 506 1634 aut
518 1582 641 1651 privatus
654 1590 701 1636 aut
712 1581 839 1651 publicus
850 1596 948 1635 eorum

156 1662 267 1716 decreto
293 1678 350 1715 non
377 1663 461 1732 stetit,
489 1663 630 1718 sacrificiis
660 1663 836 1718 interdicunt.
874 1663 948 1717 Haec

156 1760 241 1812 poena
264 1744 339 1812 apud
363 1761 410 1799 eos
434 1753 477 1799 est
500 1746 672 1814 gravissima.
710 1746 817 1814 Quibus
841 1745 882 1798 ita
903 1753 949 1799 est

157 1826 342 1895 interdictum,
354 1827 373 1880 ii
391 1843 506 1881 numero
527 1828 675 1896 impiorum
696 1845 730 1882 ac
751 1828 949 1881 sceleratorum

158 1908 309 1974 habentur3
330 1908 365 1963 iis
378 1925 475 1963 omnes
488 1908 634 1979 decedunt,
652 1910 760 1964 aditum
777 1925 873 1963 eorum
891 1924 948 1962 ser·

157 1982 324 2063 mortemque
334 1992 485 2062 defugiunt,
496 2008 533 2047 ne
541 1992 609 2062 quid
620 2009 654 2048 ex
666 1991 830 2060 contagione
842 1991 949 2044 incom-

159 2076 235 2129 modi
253 2076 410 2145 accipiant:
429 2092 519 2145 neque
532 2074 567 2129 iis
581 2075 738 2144 petentibus
752 2074 798 2144 jus
816 2072 948 2140 redditur,

158 2173 249 2227 neque
277 2157 367 2210 honos
397 2157 468 2211 ullus
499 2157 722 2211 communicatur.
770 2156 825 2209 His
854 2163 950 2209 autem

159 2239 288 2293 omnibus
301 2239 454 2292 Druidibus
466 2248 567 2308 praeest
579 2256 658 2306 unus,
668 2240 715 2306 qui
728 2254 866 2294 summam
878 2238 951 2292 inter

157 2344 206 2382 eos
229 2328 314 2382 habet
337 2325 536 2380 auctoritatenn
587 2325 651 2378 Hoc
675 2332 792 2391 mortuo,
818 2323 890 2393 siqui
914 2339 950 2378 ex

157 2411 269 2480 reliquis
292 2409 400 2465 excellit
424 2407 567 2476 dignitate,
592 2406 734 2472 succedit3
765 2414 802 2474 at,
831 2405 854 2459 si
884 2414 949 2459 sunt

157 2494 249 2562 plures
273 2508 363 2561 pares,
386 2489 518 2558 suffragio
544 2489 683 2550 Druidum
708 2488 836 2557 deligitur
843 2505 851 2551 ;
879 2502 948 2539 non-

158 2591 301 2645 nunquam
319 2574 405 2628 etiam
425 2572 510 2627 armis
532 2572 568 2626 de
588 2572 744 2642 principatu
769 2569 947 2623 contendunt

160 2659 200 2712 Hi
220 2667 294 2712 certo
313 2655 379 2710 anni
400 2664 525 2725 tempore
543 2655 573 2709 in
592 2654 692 2708 finibus
712 2654 872 2719 Carnutum,
885 2667 949 2720 quae

158 2740 234 2811 regio
259 2740 342 2795 totius
363 2739 462 2794 Galliae
485 2738 578 2793 media
600 2737 726 2806 habetur,
746 2734 895 2790 considunt
920 2734 949 2789 in
