1958 3308
189 223 248 274 os
270 223 404 277 narro
430 223 611 292 aarum,
635 224 712 278 cru.
737 224 781 278 Vr.
865 236 882 288 7

94 359 213 415 haberet
254 361 308 414 llis
321 362 476 416 constitutis
488 363 579 432 rebus,
590 363 704 432 paulum
721 380 805 432 supra
817 379 882 416 eum

92 440 195 512 locum,
223 459 274 510 quo
300 443 366 498 aute
392 444 541 498 exercitum
569 446 768 514 transduxerat,
791 445 882 499 facere

93 533 206 592 pontem
236 525 361 581 instituit.
405 528 482 581 Nota
508 537 591 597 atque
616 527 742 581 instituta
767 527 881 595 ratione,

93 623 197 676 magno
214 609 333 663 militum
346 610 445 679 studio,
457 611 554 679 paucis
567 611 664 665 diebus
676 627 746 680 opus
756 609 880 665 efficitur.

94 690 189 745 Firmo
208 689 237 745 in
254 691 376 746 Treviris
395 691 525 760 praesidio
544 692 581 746 ad
599 702 713 762 pontem
731 692 882 759 relictoue

94 772 156 840 quis
174 775 211 828 ab
230 774 262 828 iis
281 774 372 829 subito
392 783 484 828 motus
506 775 628 843 oriretur,
646 775 765 844 reliquas
786 774 881 843 copias

93 856 301 927 equitatumque
320 858 480 912 transducit.
519 856 595 927 Ubii,
616 857 663 927 qui
683 856 749 911 ante
769 857 881 911 obsides

93 936 228 994 dederant
248 949 331 1009 atque
350 940 379 993 in
398 940 568 994 deditionem
585 948 726 1010 venerant,
745 939 881 1010 purgandi

93 1021 136 1075 sui
159 1029 245 1076 causa
265 1022 302 1076 ad
325 1040 390 1077 eum
412 1024 519 1092 legatos
542 1023 662 1090 mittunt,
683 1023 730 1092 qui
754 1023 881 1091 doceant,

93 1103 210 1171 “neque
228 1120 261 1156 ex
279 1110 330 1157 sua
347 1104 458 1158 civitate
475 1105 576 1158 auxilia
594 1104 623 1157 in
640 1104 769 1158 Treviros
787 1104 881 1172 missa,

92 1199 183 1253 neque
200 1184 237 1237 ab
255 1200 285 1238 se
303 1184 388 1238 fidem
407 1186 504 1239 laesarn
516 1186 544 1240 :''
566 1194 663 1254 petunt
687 1194 770 1255 atque
793 1193 881 1252 orant,

93 1268 110 1296 “
119 1275 149 1320 ut
171 1266 223 1320 sibi
247 1275 352 1336 parcat,
372 1283 408 1321 ne
429 1268 569 1321 communi
593 1268 657 1321 odio
679 1268 881 1322 Germanorum

92 1347 255 1402 innocentes
279 1365 330 1417 pro
354 1348 517 1404 nocentibus
544 1365 642 1418 poenas
669 1347 832 1417 pendant:'’
856 1349 880 1401 si

92 1428 212 1498 amplius
231 1429 360 1484 obsidum
377 1431 451 1499 velit,
469 1431 536 1485 dare
552 1431 723 1499 pollicentur.
761 1429 880 1499 Cognita

94 1511 189 1565 Caesar
207 1517 292 1566 causa
308 1513 408 1581 reperit
429 1514 466 1567 ab
479 1513 576 1569 Suevis
589 1513 690 1567 auxilia
701 1512 787 1568 missa
799 1527 879 1566 esse:

94 1594 232 1649 Ubiorum
250 1594 467 1650 satisfactionem
484 1596 600 1666 accipit;
621 1596 712 1650 aditus
723 1596 838 1665 viasque
850 1594 879 1648 in

94 1673 200 1729 Suevos
211 1676 350 1746 perquirit

127 1757 161 1812 >t
183 1758 297 1812 Interim
308 1759 404 1828 paucis
412 1769 476 1830 post
485 1760 581 1816 diebus
590 1760 622 1816 fit
631 1761 666 1814 ab
677 1761 759 1816 Ubiis
772 1760 878 1828 certior,

93 1839 199 1893 Suevos
217 1857 313 1895 omnes
327 1858 413 1895 unum
425 1843 557 1898 inlocum
570 1843 664 1912 copias
677 1859 782 1911 cogere,
796 1852 879 1912 atque

91 1921 126 1975 iis
146 1923 312 1992 nationibus,
334 1940 397 1993 quae
417 1925 469 1978 sub
491 1941 586 1979 eorum
609 1925 664 1979 sint
687 1925 810 1993 imperio,
831 1924 878 1977 de-

91 2003 227 2073 nuntiare,
236 2005 276 2058 uti
285 2005 386 2058 auxilia
397 2005 544 2074 pedidatr'rs
555 2005 747 2075 equitatusque
759 2005 877 2059 mittant.

94 2083 148 2137 His
172 2085 290 2154 cognitis
315 2086 406 2155 rebus,
429 2102 489 2139 rem
512 2086 719 2140 frumentariam
744 2084 878 2154 providet,

92 2165 191 2220 castris
215 2167 346 2222 idoneum
369 2168 461 2222 locum
485 2167 587 2237 deligit,
607 2168 690 2224 Ubiis
714 2167 831 2236 imperat
848 2174 879 2220 ut

91 2265 193 2319 pecora
210 2249 349 2305 deducant
365 2267 470 2321 suaque
488 2252 582 2304 omnia
596 2268 629 2305 ex
641 2251 714 2319 agris
731 2250 760 2303 in
777 2248 880 2317 oppida

92 2331 242 2400 conferant,
257 2349 371 2401 sperans
388 2333 522 2387 barbaros
539 2343 623 2403 atque
640 2333 782 2402 imperitos
800 2332 879 2384 hom·

92 2413 161 2482 ines,
173 2415 267 2484 inopia
285 2415 449 2470 cibariorum
466 2416 592 2485 afflictos,
604 2416 641 2469 ad
653 2416 777 2485 iniquam
792 2430 879 2482 pugn·

91 2497 158 2550 andi
171 2497 357 2552 conditionem
368 2515 451 2568 posse
462 2499 561 2552 deduci
572 2517 579 2552 ε
590 2499 714 2567 mandat,
726 2506 757 2551 ut
768 2497 879 2551 crebros

91 2580 276 2649 exploratores
284 2580 313 2634 in
322 2581 552 2649 Suevosmittant,
560 2598 675 2651 quaeque
684 2581 812 2650 apudeos
819 2595 879 2647 ger·
916 2592 919 2597 “

92 2670 181 2731 antur,
194 2672 370 2732 cognoscant
409 2663 453 2718 Illi
465 2663 600 2732 imperata
611 2663 723 2730 faciunt,
735 2672 771 2731 et,
783 2661 879 2731 paucis

92 2743 190 2800 diebus
208 2745 381 2814 intermissis,
393 2745 520 2814 referunt,
536 2747 669 2800 “Suevos
687 2761 792 2813 omnes,
805 2751 880 2813 post·
