1958 3308
151 225 211 278 DE
232 224 367 279 BELLO
393 222 573 290 GALLICO,
598 219 676 273 LIB.
701 218 745 270 VI.
815 229 842 281 η

54 374 117 412 sese
131 359 261 427 continet,
274 374 469 428 summamque
480 358 565 412 habet
575 356 689 426 justitiae
701 365 729 411 et
740 355 848 410 bellicae

53 441 145 494 laudis
165 441 340 510 opinionem:
361 457 435 495 nunc
454 456 564 510 quoque
579 440 609 493 in
629 440 729 494 eadem
746 438 848 508 inopia,

55 531 188 592 egestate,
200 523 343 593 patientia,
351 530 407 593 quai
417 523 558 591 Germani,
567 531 731 593 permanent
735 541 743 587 ;
751 522 849 576 eodem

55 604 132 658 victu
151 613 178 658 et
196 605 271 658 cultu
284 606 406 675 corporis
418 614 551 672 utuntur3
570 607 658 660 Gallis
670 614 765 660 autem
784 607 849 658 Pro-

56 687 156 741 vinciae
169 688 369 758 propinquitas,
381 697 409 742 et
421 687 668 742 transmarinarum
680 704 772 742 rerum
789 696 850 741 not·

56 769 209 837 itia‚mu1ta
221 769 258 823 ad
269 770 380 839 copiam
392 780 475 840 atque
483 775 550 824 ustis
562 771 683 839 largitur.
712 770 851 824 Paulatim

55 851 204 905 assuefacti
226 852 356 921 superari,
375 853 525 922 multisque
543 853 611 908 victi
628 853 742 922 proeliis,
759 869 795 906 ne
821 868 851 906 se

55 934 170 1004 quidem
179 934 232 1004 ipsi
245 951 308 989 cum
320 935 374 989 illis
386 936 486 990 virtute
504 944 674 1006 comparant

93 1017 182 1070 XXV.
203 1017 295 1086 Hujus
309 1017 459 1086 Hercyniae
471 1019 557 1088 silvae,
569 1034 632 1088 quae
644 1034 728 1086 supra
737 1017 850 1071 demon·

57 1106 146 1152 strata
169 1108 219 1169 est,
243 1099 361 1154 latitudo
384 1116 486 1154 novem
510 1101 619 1155 dierum
642 1100 693 1154 iter
723 1099 851 1168 expedito

56 1189 135 1250 patet
147 1181 309 1234 :nonenim
321 1181 400 1236 aliter
412 1182 483 1236 finiri
496 1192 596 1253 potest,
608 1198 699 1253 neque
707 1197 851 1235 mensuras

57 1262 188 1316 itinerum
200 1272 344 1318 noverunt.
376 1263 471 1319 Oritur
477 1266 514 1319 ab
527 1264 720 1319 Helvetiorum
729 1271 756 1318 et
766 1265 852 1317 Nem·

58 1354 136 1399 etum
163 1354 191 1400 et
220 1347 409 1400 Rauracorum
435 1347 546 1417 finibus,
573 1353 705 1415 rectique
730 1345 852 1399 fluminis

59 1427 184 1481 Danubii
208 1428 320 1496 regione
344 1429 463 1498 pertinet
492 1430 529 1484 ad
559 1429 628 1484 fines
653 1430 796 1482 Dacorum
826 1435 853 1481 et

58 1510 228 1564 Anartium:
248 1510 314 1564 hinc
335 1527 366 1565 se
384 1512 470 1567 flectit
481 1512 662 1580 sinistrorsus,
682 1511 798 1565 diversis
816 1511 852 1564 ab

59 1592 174 1647 flumine
197 1593 365 1662 regionibus,
389 1594 593 1666 multarumque
628 1593 752 1664 gentium
783 1593 853 1646 fines

59 1664 171 1742 propter
182 1675 403 1743 magnitudinem
415 1677 541 1745 attingit:
553 1693 643 1747 neque
656 1675 803 1746 quisquam
811 1684 854 1730 est

59 1755 141 1823 hujus
161 1756 327 1826 Germaniae,
339 1758 386 1827 qui
399 1774 429 1812 se
441 1767 490 1813 aut
506 1759 600 1813 adisse
618 1758 655 1812 ad
667 1758 776 1812 initium
794 1758 853 1828 ejus

60 1837 137 1892 silvae
147 1838 229 1907 dicat,
243 1856 328 1909 quum
341 1840 448 1895 dierum
461 1841 513 1897 iter
524 1841 668 1910 sexaginta
680 1841 853 1910 processerit,

59 1928 109 1973 aut
129 1937 184 1989 quo
205 1936 239 1974 ex
259 1922 322 1976 loco
341 1923 451 1992 oriatur,
473 1924 618 1993 acceperit.
656 1924 747 1977 Multa
766 1923 796 1976 in
820 1926 853 1976 eti

59 2018 163 2070 genera
174 2003 294 2057 serarum
305 2006 383 2059 nasci
396 2015 513 2075 constat,
528 2022 591 2075 quae
607 2004 719 2074 reliquis
737 2004 766 2056 in
784 2004 854 2058 locis

60 2084 122 2138 visa
144 2101 201 2138 non
226 2086 299 2141 sint:
323 2103 356 2140 ex
380 2088 488 2157 quibus,
507 2104 570 2156 quae
588 2087 708 2140 maxime
726 2085 854 2140 differant

60 2167 98 2221 ab
119 2167 217 2222 ceteris
239 2177 267 2223 et
287 2170 430 2223 memoriae
450 2170 594 2238 prodenda
615 2169 768 2237 videantur,
793 2171 854 2223 haec

61 2258 133 2305 sunt

96 2333 202 2385 XXVI.
222 2333 276 2386 Est
287 2332 339 2386 bos
353 2333 425 2387 cervi
438 2333 533 2402 figura,
543 2335 620 2404 cujus
631 2335 751 2388 amedia
764 2336 854 2390 fronte

61 2412 133 2469 inter
144 2430 224 2469 aures
236 2432 323 2470 unum
335 2431 420 2469 comu
432 2416 547 2485 exsistit,
560 2418 693 2472 excelsius
710 2419 854 2488 magisque

61 2497 197 2552 directum
218 2497 270 2564 his,
283 2514 346 2567 quae
358 2499 439 2553 nobis
458 2509 526 2554 nota
544 2509 615 2569 sunt,
635 2501 772 2555 cornibus.
808 2502 855 2555 Ab

61 2580 120 2650 ejus
133 2596 252 2648 summo,
265 2581 336 2635 sicut
354 2582 464 2651 palmae,
483 2582 553 2636 rami
566 2583 650 2652 quam
668 2582 724 2637 late
736 2583 854 2638 diffund-

62 2671 151 2719 untur.
207 2664 317 2717 Eadem
346 2672 389 2717 est
424 2664 536 2719 feminae
574 2665 714 2735 marisque
747 2676 854 2737 natura,

63 2746 164 2802 eadem
175 2746 266 2800 forma
278 2746 496 2817 magnitudoque
508 2763 649 2802 cornuum

384 2822 393 2841 '
448 2837 468 2884 c
