1958 3308
191 235 249 290 DE
271 234 406 290 BELLO
432 233 613 303 GALLICO,
638 234 712 288 ΠΒ.
737 234 783 289 VI.
851 246 883 304 25

95 392 165 448 quas
183 376 254 430 inter
272 383 300 429 et
318 384 410 430 castra
427 391 498 429 unus
517 373 631 428 omnino
649 374 726 429 collis
746 375 883 429 intererat.

96 458 258 527 Complures
288 467 366 512 erant
392 459 422 511 in
449 458 547 513 castris
574 474 608 512 ex
634 457 788 526 legionibus
818 458 884 525 aegri

96 543 198 607 relicti;
221 558 254 595 ex
266 542 374 611 quibus,
384 542 430 611 qui
449 542 503 595 hoc
522 541 611 610 spatio
631 541 737 596 dierum
756 541 885 594 convalu-

95 633 181 692 erant,
199 623 306 677 circiter
323 624 438 678 trecenti
458 625 510 679 sub
530 624 629 678 vexillo
648 624 705 677 una
722 623 884 679 mittuntur:

96 722 198 774 magna
224 715 357 776 praeterea
382 706 529 761 multitudo
556 706 693 776 calonum,
716 723 819 776 magna
842 707 885 761 vis

93 791 287 861 jumentorum,
299 806 363 859 quae
383 789 412 842 in
432 788 529 844 castris
550 789 718 857 subsederat,
731 788 806 843 facta
825 799 883 858 pot·

95 881 191 940 estate,
204 872 333 942 sequitur.

129 956 278 1008 XXXVII.
307 956 372 1010 Hoc
401 956 463 1025 ipso
492 962 623 1023 tempore,
655 970 721 1008 casu
752 955 884 1009 Germani

94 1036 200 1105 equites
221 1035 414 1105 interveniunt,
435 1036 615 1106 protinusque
635 1036 734 1090 eodem
756 1036 815 1106 illo,
829 1053 884 1106 quo

93 1127 235 1188 venerant,
264 1135 345 1173 cursu
375 1120 411 1173 ab
442 1120 596 1174 decumana
625 1126 705 1189 porta
734 1120 763 1173 in
793 1130 884 1175 castra

94 1201 245 1270 irrumpere
268 1210 418 1257 conantur:
441 1218 493 1257 nec
511 1201 588 1271 prius
607 1211 671 1257 sunt
689 1201 748 1270 visi,
769 1203 883 1272 objectis

94 1284 130 1337 ab
150 1289 184 1338 ea
202 1293 281 1353 parte
300 1285 384 1352 silvis,
401 1285 486 1356 quam
504 1284 602 1339 castris
623 1285 883 1354 appropinquarent,

92 1383 181 1436 usque
200 1367 241 1436 eb,
259 1376 298 1437 ut,
315 1368 362 1438 qui
381 1367 434 1421 sub
452 1368 526 1422 vallo
544 1368 689 1422 tenderent
708 1375 883 1436 mercatores,

93 1449 243 1518 recipiendi
265 1448 307 1503 sui
328 1450 488 1504 facultatem
511 1466 568 1503 non
591 1450 732 1505 haberent
771 1450 882 1519 Inopin-

93 1541 174 1586 antes
192 1531 280 1586 nostri
299 1548 329 1586 re
347 1538 421 1586 nova
439 1533 639 1602 perturbantur,
651 1549 685 1587 ac
700 1533 747 1587 vix
765 1533 883 1602 primum

94 1615 228 1684 impetum
259 1615 357 1668 cohors
387 1615 417 1668 in
447 1614 566 1670 statione
596 1615 719 1672 sustinet.
760 1616 882 1670 Circum·

93 1694 244 1749 funduntur
259 1713 293 1750 ex
310 1696 422 1766 reliquis
434 1697 529 1751 hostes
541 1697 673 1766 partibus,
687 1698 806 1767 siquem
824 1699 882 1752 adi-

93 1786 152 1831 tum
164 1778 283 1846 reperire
299 1788 419 1847 possent.
455 1779 542 1848 AEgre
554 1789 649 1849 portas
666 1780 753 1835 nostri
765 1790 882 1850 tuentur,

93 1860 212 1930 reliquos
233 1859 325 1915 aditus
345 1861 423 1915 locus
445 1860 505 1931 ipse
524 1879 575 1932 per
593 1879 624 1917 se
642 1863 814 1933 munitioque
836 1865 882 1917 de·

93 1944 187 1999 tendit
224 1944 303 1999 Totis
317 1945 470 2014 trepidatur
487 1946 594 2016 castris,
606 1956 689 2017 atque
701 1948 771 2002 alius
784 1965 817 2003 ex
829 1949 883 2001 alio

94 2042 210 2080 causam
221 2027 355 2081 tumultus
367 2027 477 2097 quaerit3
492 2043 582 2096 neque
595 2027 650 2097 qud
662 2029 742 2096 signa
754 2028 882 2097 ferantur,

92 2124 183 2178 neque
192 2108 556 2180 quaminpartemquisque
566 2111 720 2177 conveniat,
728 2111 883 2180 provident.

92 2191 171 2245 Alius
193 2200 275 2261 capta
291 2192 352 2262 jam
372 2201 465 2247 castra
485 2191 660 2262 pronuntiat;
692 2193 770 2262 alius,
792 2193 883 2248 deleto

93 2273 212 2328 exercitu
224 2283 307 2344 atque
318 2275 491 2344 imperatore,
499 2274 617 2330 victores
630 2275 762 2330 barbaros
774 2278 883 2331 venisse

93 2357 253 2412 contendit:
273 2358 397 2428 plerique
417 2374 504 2412 novas
526 2359 579 2413 sibi
600 2375 634 2413 ex
654 2360 716 2413 loco
738 2360 883 2428 religiones

93 2438 207 2507 fingunt,
230 2439 375 2509 Cottaeque
397 2449 425 2494 et
445 2441 544 2494 Titurii
569 2442 764 2512 calamitatem,
784 2444 830 2512 qui
855 2443 883 2496 in

93 2521 192 2576 eodem
222 2521 372 2576 occiderint
402 2523 525 2591 castello,
550 2532 616 2578 ante
645 2525 739 2580 oculos
770 2536 882 2594 ponunt.

93 2604 156 2658 Tali
169 2605 267 2660 timore
283 2605 411 2659 omnibus
429 2605 588 2676 perterritis,
601 2607 779 2662 confirmatur
791 2609 883 2678 opinio

93 2685 226 2755 barbaris,
253 2696 283 2741 ut
310 2705 344 2742 ex
370 2688 481 2757 captivo
508 2689 660 2759 audierant,
691 2692 795 2745 nullum
823 2707 883 2746 esse
