1958 3308
131 246 165 300 24
343 231 370 286 c.
389 231 508 301 Jurrr
530 231 717 287 cAEsnnrs

129 371 238 442 longius
256 371 426 441 procedunt:
448 387 506 425 non
523 372 575 426 hos
595 373 683 441 palus,
703 371 732 426 in
753 372 826 426 bello
842 373 928 427 latro-

130 455 264 524 ciniisque
275 463 364 522 natos,
375 471 431 508 non
444 455 521 509 silvae
530 464 673 508 morantur
684 473 691 509 :
709 455 808 524 quibus
818 455 847 508 in
856 454 928 510 locis

131 538 166 591 sit
183 537 286 606 Caesar,
299 554 333 591 ex
349 537 466 606 captivis
478 546 623 607 quaerunt;
644 538 799 607 profectum
816 537 929 606 longiirs

130 619 276 691 reperiunt,
306 635 474 689 omnemque
508 621 657 675 exercitum
688 619 852 674 discessisse
881 636 928 674 co-

130 713 274 772 gnoscunt.
311 703 403 772 Atque
424 718 495 756 unus
520 719 553 757 ex
578 701 703 771 captivis,
728 702 828 771 “Quid
851 695 928 773 vos,”
970 704 973 709 '

131 786 227 856 inquit,
261 785 359 839 “hanc
395 784 526 838 miseram
561 800 594 838 ac
631 793 743 838 tenuem
780 786 928 840 sectamini

131 869 264 937 praedam,
288 867 388 936 quibus
412 866 477 921 licet
504 867 564 935 jam
593 883 656 921 esse
678 866 929 924 fortunatissimis?

44 1000 50 1005 .
131 951 232 1004 Tribus
261 949 336 1002 horis
366 948 543 1004 Aduatucam
575 949 670 1003 venire
703 948 836 1019 potestis:
872 950 929 1006 huc

132 1049 229 1087 omnes
240 1049 304 1086 suas
313 1032 437 1086 fortunas
446 1032 581 1087 exercitus
594 1034 784 1086 Romanorum
794 1033 929 1089 contulit:

132 1114 253 1185 praesidii
277 1122 385 1167 tantum
409 1122 460 1183 est,
484 1123 514 1168 ut
537 1129 574 1168 ne
596 1130 691 1168 murus
715 1113 829 1183 quidem
853 1113 929 1184 cingi

131 1197 226 1266 possit,
255 1212 345 1266 neque
369 1195 517 1265 quisquam
541 1196 635 1264 egredi
659 1205 736 1250 extra
759 1195 929 1253 munitiones

132 1278 256 1333 audeat'’
293 1277 396 1332 Oblata
408 1293 466 1346 spe,
485 1277 626 1346 Germani,
645 1294 730 1348 quam
750 1277 826 1331 nacti
848 1288 930 1335 erant

132 1360 264 1430 praedam,
295 1358 325 1413 in
351 1359 459 1414 occulto
482 1358 648 1429 relinquunt,
673 1359 726 1428 ipsi
750 1359 930 1417 Aduatucam

132 1442 310 1511 contendunt,
334 1442 378 1496 usi
409 1442 508 1496 eodem
531 1442 610 1512 duce,
636 1441 714 1511 cujus
738 1442 799 1497 haec
824 1443 930 1499 indicio

133 1533 328 1594 cognoverant

167 1608 299 1661 XXXVI.
320 1605 425 1675 Cicero,
444 1605 491 1676 qui
512 1622 562 1675 per
579 1621 676 1660 omnes
695 1605 849 1676 superiores
867 1607 929 1663 dies

133 1689 277 1760 praeceptis
288 1688 407 1744 Caesaris
416 1695 525 1743 summa
532 1689 675 1758 diligentia
682 1689 783 1744 milites
792 1690 821 1743 in
828 1692 930 1746 castris

133 1772 322 1841 continuisset,
346 1789 380 1826 ac
409 1787 446 1827 ne
472 1771 599 1826 calonem
622 1772 736 1843 quidem
759 1789 930 1844 quemquam

133 1865 210 1910 extra
223 1855 405 1910 munitionem
417 1855 512 1924 egredi
526 1871 625 1925 passus
637 1863 719 1923 esset,
735 1855 854 1923 septimo
872 1856 929 1927 die,

134 1939 262 1993 diffidens
299 1939 334 1993 de
369 1953 486 1992 numero
521 1937 629 1992 dierum
666 1937 806 1992 Caesarem
843 1938 930 1993 fidem

134 2031 312 2091 servaturum,
322 2021 397 2091 quod
409 2019 518 2089 longius
528 2036 592 2074 eum
600 2035 777 2090 progressum
787 2018 930 2090 audiebat,

134 2123 223 2176 neque
239 2106 296 2159 ulla
313 2105 348 2159 de
361 2104 452 2159 reditu
471 2103 530 2172 ejus
550 2104 626 2159 sama
641 2102 823 2168 afferebatur;
845 2102 931 2160 simul

134 2205 229 2242 eorum
241 2195 383 2257 permotus
392 2186 516 2252 vocibus,
526 2187 573 2257 qui
586 2186 658 2241 illius
671 2185 835 2255 patientiam
847 2203 931 2256 paene

134 2270 324 2324 obsessionem
354 2268 541 2338 appellabant,
568 2269 592 2322 si
622 2268 736 2338 quidem
765 2285 799 2323 ex
829 2270 930 2324 castris

134 2353 227 2421 egredi
239 2360 296 2406 non
308 2351 415 2416 liceret;
430 2350 536 2404 nullum
545 2351 681 2420 ejusmodi
694 2366 791 2405 casum
803 2357 929 2420 exspect-

134 2452 193 2502 ans,
213 2451 275 2505 quo,
298 2448 399 2487 novem
420 2432 554 2505 oppositis
575 2432 730 2502 legionibus
751 2433 931 2505 maximoque

135 2518 266 2586 equitatu,
290 2515 420 2586 dispersis
445 2531 479 2570 ac
502 2532 583 2585 paene
611 2515 708 2570 deletis
739 2515 875 2585 hostibus,
900 2517 931 2572 in

135 2600 256 2654 millibus
280 2614 413 2670 passuum
434 2597 522 2653 tribus
544 2597 646 2652 offendi
667 2606 779 2666 posset;
806 2598 932 2669 quinque

136 2681 262 2738 cohortes
284 2680 482 2736 frumentatum
503 2680 532 2733 in
553 2680 692 2750 proximas
715 2688 821 2750 segetes
843 2680 930 2750 misit,
