1958 3308
191 226 251 283 DE
272 230 408 285 ormo
434 231 616 300 cnrrrco,
640 232 716 286 rm.
742 233 786 286 m.
852 246 886 301 29

96 367 216 423 deducto
229 370 358 438 exercitu,
370 387 463 425 rerum
475 371 599 426 omnium
611 371 705 440 inopia
717 374 887 440 pereundum

96 449 240 506 videretur.
278 453 321 507 Ac
345 469 420 522 saepe
444 453 473 507 in
496 470 560 508 eum
583 454 676 509 locum
699 464 811 511 ventum
835 466 886 525 est,

96 541 184 605 tanto
198 533 228 587 in
252 550 349 588 omnes
372 544 465 603 partes
489 533 578 588 diviso
602 535 734 604 equitatu,
752 545 782 590 ut
802 536 887 591 modo

96 614 188 668 visum
200 617 236 670 ab
249 632 280 670 se
292 616 483 686 Ambiorigem
495 617 524 670 in
536 617 602 686 suga
615 617 726 686 captivi,
738 635 790 673 nec
804 619 887 689 plane

96 698 182 752 etiam
205 698 298 753 abisse
321 715 355 753 ex
375 704 527 768 conspectu
550 700 756 769 contenderent,
777 710 816 769 ut,
837 718 887 771 spe

96 780 285 849 consequendi
306 780 382 835 illata
403 791 485 850 atque
506 781 613 835 infinito
633 782 729 837 labore
749 793 886 853 suscepto,

96 863 144 933 qui
163 880 194 917 se
213 880 351 918 summam
363 865 399 918 ab
414 865 524 919 Caesare
541 864 660 933 gratiam
677 865 792 920 inituros
807 876 887 936 puta·

96 954 166 1014 rent,
184 961 265 1015 paeue
290 956 418 1001 naturam
443 947 534 1001 studio
556 947 705 1017 vincerent,
724 965 887 1018 semperque

95 1028 210 1096 paulirm
222 1028 259 1082 ad
272 1045 410 1082 summam
427 1029 587 1084 felicitatem
604 1031 725 1086 defuisse
741 1031 886 1099 videretur,

96 1120 180 1180 atque
197 1110 243 1165 ille
260 1111 373 1165 latebris
391 1121 438 1166 aut
456 1112 571 1167 saltibus
588 1130 619 1168 se
635 1114 751 1184 eriperet
764 1124 791 1169 et
803 1124 887 1169 noctu

95 1193 249 1247 occultatus
273 1193 343 1247 alias
366 1194 493 1262 regiones
520 1205 668 1266 partesque
693 1206 805 1267 peteret,
829 1213 886 1250 non

94 1275 201 1344 majore
223 1275 346 1344 equitum
369 1276 508 1346 praesidio,
533 1277 617 1346 quam
641 1288 765 1348 quatuor,
787 1279 886 1347 quibus

95 1357 163 1412 solis
174 1357 261 1412 vitam
273 1374 353 1411 suam
365 1359 538 1414 committere
549 1361 676 1414 audebat.

130 1440 232 1493 XLIV.
251 1439 314 1494 Tali
325 1441 411 1494 modo
422 1441 539 1496 vastatis
557 1441 724 1511 regionibus,
737 1443 884 1498 exercitum

96 1522 192 1576 Caesar
215 1522 332 1577 duarum
357 1523 511 1578 cohortium
537 1525 641 1578 damno
667 1527 885 1580 Durocortorum

96 1605 246 1658 Remorum
258 1603 370 1672 reducit,
380 1605 552 1674 concilioque
564 1606 593 1659 in
605 1622 669 1662 eum
680 1606 773 1661 locum
788 1608 885 1662 Galliae

94 1686 209 1755 indict0,
234 1686 269 1740 de
295 1687 485 1756 conjuratione
512 1689 655 1742 Senonum
680 1698 708 1743 et
733 1690 884 1745 Camutum

94 1769 277 1838 quaestionem
301 1768 405 1824 habere
428 1769 562 1835 instituit;
588 1780 616 1824 et
639 1771 675 1825 de
696 1772 816 1840 Accone,
838 1773 885 1842 qui

93 1851 222 1921 princeps
249 1851 309 1921 ejus
336 1851 443 1906 consilii
472 1852 568 1921 fuerat,
595 1853 722 1922 graviore
748 1855 884 1908 sententia

92 1934 278 2003 pronuntiati,
302 1950 380 1988 more
403 1935 541 2003 majorum
566 1935 731 2003 supplicium
759 1937 883 2004 sumpsit.

94 2017 228 2070 Nonnulli
237 2016 373 2085 judicium
384 2017 464 2071 veriti
476 2016 654 2086 profugerunt
661 2035 669 2081 ;
687 2016 786 2086 quibus
798 2034 883 2086 quum

92 2105 166 2169 aqua
178 2109 261 2169 atque
273 2099 330 2167 igni
343 2098 537 2167 interdixisset,
550 2100 619 2153 duas
631 2098 754 2167 legiones
766 2099 803 2152 ad
815 2099 883 2154 fines

91 2181 277 2248 Trevirorum,
299 2181 369 2235 duas
391 2181 420 2234 in
443 2180 622 2249 Lingonibus,
645 2197 694 2236 sex
714 2180 833 2250 reliquas
854 2181 882 2236 iu

93 2265 235 2320 Senonum
254 2265 356 2318 finibus
373 2264 510 2332 Agendici
529 2263 558 2316 in
577 2263 700 2318 hibernis
719 2264 864 2319 collocavit
874 2286 882 2332 ;

91 2347 284 2417 frumentoque
311 2347 433 2401 exercitu
461 2346 580 2416 proviso,
607 2356 637 2401 ut
663 2346 826 2415 instituerat,
854 2348 881 2400 in

92 2430 203 2486 ltaliam
215 2431 253 2487 ad
264 2435 416 2487 conventis
429 2429 551 2500 agendos
563 2429 702 2500 proiectus
715 2439 762 2485 est
