1958 3308
153 233 213 291 na·
234 212 745 308 cenomannum
830 249 845 306 ς

58 375 170 443 cognito
197 378 320 447 consilio,
346 394 469 448 sperans,
493 376 647 434 temeritate
671 394 767 433 eorum
789 377 847 432 fore

57 456 180 526 aliquam
197 458 348 513 dimicandi
366 460 534 529 facultatem,
546 460 676 530 praesidio
694 460 847 514 cohortium

24 599 27 604 ,
57 547 178 608 quinque
196 540 402 611 impedimentis
420 544 523 612 relicto,
536 559 600 598 cum
610 542 708 612 viginti
726 542 846 613 quinque

56 621 216 677 cohortibus
234 640 392 696 magnoque
410 627 532 694 equitatu
551 634 647 679 contra
663 626 773 680 hostem
784 642 841 688 pro

55 707 196 778 ficiscitur,
203 718 239 777 et,
246 710 321 765 mille
333 727 466 779 passuum
478 710 635 765 intermisso
647 711 746 780 spatio,
755 721 846 766 castra

56 791 216 848 communit
253 794 322 848 Erat
349 793 421 848 inter
445 792 598 847 Labienum
625 802 708 863 atque
736 794 846 849 hostem

55 873 160 929 difficili
186 874 303 930 transitu
326 875 430 930 flumen
453 875 575 946 ripisque
598 876 762 947 praeruptis:
790 876 845 931 hoc

55 972 145 1027 neque
157 957 218 1028 ipse
229 958 347 1013 transire
357 959 387 1012 in
399 957 492 1013 animo
504 958 633 1026 habebat,
645 975 735 1028 neque
750 959 844 1013 hostes

54 1038 218 1094 transituros
254 1040 437 1095 existimabat
487 1042 648 1110 Augebatur
682 1040 844 1096 auxiliorum

55 1121 178 1191 quotidie
191 1139 261 1192 spes.
300 1124 432 1194 Loquitur
443 1123 473 1178 in
485 1123 600 1177 consilio
617 1124 719 1193 palam,
733 1126 750 1156 “
758 1140 844 1194 quon·

55 1204 113 1257 iam
137 1205 267 1258 Germani
291 1205 512 1275 appropinquare
536 1205 671 1274 dicantur,
695 1221 756 1261 sese
779 1223 844 1261 suas

55 1286 245 1357 exercitusque
257 1288 381 1342 fortunas
393 1289 422 1342 in
435 1287 549 1341 dubium
566 1304 623 1341 non
639 1289 843 1357 devocaturum,

56 1377 84 1422 et
99 1378 210 1438 postero
228 1369 273 1423 die
291 1370 382 1440 prima
398 1371 459 1424 luce
477 1378 569 1424 castra
586 1371 747 1425 moturum'’
783 1372 844 1425 Cel-

55 1450 137 1504 eriter
153 1450 214 1504 haec
227 1452 264 1505 ad
276 1452 371 1506 hostes
390 1452 553 1521 deferuntur,
566 1461 597 1506 ut
609 1469 643 1506 ex
654 1470 756 1522 magno
769 1454 844 1508 Gall-

56 1549 135 1586 orum
157 1533 296 1603 equitatus
320 1551 434 1588 numero
457 1535 604 1588 nonnullos
624 1535 738 1589 Gallicis
761 1536 843 1590 rebus

55 1614 147 1668 favere
170 1624 269 1669 natura
293 1617 417 1685 cogebat.
455 1617 593 1671 Labienus
616 1627 709 1686 noctu,
728 1619 844 1673 tribunis

57 1696 174 1750 militum
197 1698 348 1769 primisque
369 1699 511 1753 ordinibus
532 1700 644 1768 coactis,
662 1699 729 1769 quid
748 1701 790 1754 sui
809 1701 844 1755 sit

56 1778 172 1847 consilii,
188 1780 325 1849 proponit,
344 1791 378 1848 et,
397 1797 451 1850 quo
469 1781 576 1836 facilius
594 1782 720 1837 hostibus
738 1783 844 1838 timoris

31 1871 34 1876 ’
56 1860 103 1915 det
116 1861 310 1931 suspicionem,
322 1864 426 1932 majore
444 1864 560 1932 strepitu
577 1873 604 1918 et
621 1865 747 1934 tumultu,
760 1865 842 1935 quam

58 1943 156 2013 Populi
184 1944 304 1997 Romani
334 1945 387 1999 fert
417 1946 595 2015 consuetudo,
619 1955 711 2001 castra
739 1947 843 2001 moveri

54 2025 139 2098 jubet.
171 2025 225 2080 His
236 2027 318 2080 rebus
330 2027 403 2095 fugae
415 2027 533 2082 similem
544 2029 741 2098 profectionem
752 2029 843 2084 efficit.

57 2109 129 2162 Haec
148 2124 257 2178 quoque
268 2126 319 2178 per
329 2110 513 2179 exploratores
532 2119 597 2165 ante
613 2111 713 2179 lucem,
725 2111 754 2165 iu
766 2116 843 2168 tanta

56 2189 260 2261 propinquitate
273 2200 433 2260 castrorum,
445 2193 483 2246 ad
494 2193 588 2248 hostes
601 2193 766 2249 deferuntur.

90 2273 175 2327 VIII.
193 2273 248 2327 Vix
265 2290 366 2342 agmen
385 2275 568 2329 novissimum
585 2283 662 2330 extra
678 2277 852 2336 munitiones

56 2365 237 2425 processerat,
257 2373 343 2426 quum
368 2357 449 2427 Galli,
470 2358 606 2414 cohortati
629 2359 701 2414 inter
723 2377 761 2429 se,
782 2363 844 2417 “ne

57 2447 197 2510 speratam
208 2438 333 2509 praedam
345 2456 379 2494 ex
389 2440 518 2494 manibus
531 2440 700 2496 dimitterent
707 2461 715 2508 ς
731 2442 846 2514 longum

56 2538 127 2591 esse,
150 2523 301 2592 perterritis
326 2523 469 2592 Romanis,
489 2524 691 2578 Germanorum
714 2525 844 2580 auxilium

57 2612 226 2673 exspectare,
243 2620 333 2674 neque
350 2621 431 2659 suam
447 2605 506 2675 pati
523 2607 694 2677 dignitatem,
711 2616 743 2661 ut
760 2607 844 2665 tantis

57 2687 145 2756 copiis
162 2695 221 2741 tam
239 2686 366 2757 exiguam
383 2705 506 2758 manum,
523 2690 676 2760 praesertim
694 2690 845 2760 fugientem

57 2775 141 2838 atque
164 2768 335 2838 impeditam,
354 2770 455 2824 adorin'
478 2788 535 2825 non
558 2773 718 2839 audeant;”
741 2773 848 2828 flumen
