1958 3308
83 205 116 246 κ
294 191 323 246 c
342 191 458 263 Junrr
480 190 667 246 cAEsAnrs

82 331 157 401 quod
180 331 270 386 influit
292 331 323 384 in
353 333 474 400 Mosam,
498 340 690 400 extremasque
715 330 879 385 Arduenna

82 423 174 483 partes
203 415 243 468 ire
267 414 416 483 constituit,
444 413 500 484 qub
523 430 588 467 cum
611 412 708 482 paucis
737 413 879 482 equitibus

82 496 236 564 profectum
248 496 439 565 Ambiorigem
453 495 592 550 audiebat
629 495 795 564 Discedens,
812 504 878 564 post

82 578 157 633 diem
171 579 320 649 septimum
337 596 400 633 sese
417 595 590 633 reversurum
608 577 772 643 confirmat;
791 593 878 647 quam

82 661 119 714 ad
131 661 208 716 diem
219 662 244 715 ei
262 661 372 731 legioni,
388 678 451 732 quae
468 662 499 714 in
515 660 645 731 praesidio
662 661 876 730 relinquebatur,

81 744 250 800 crumentum
257 745 352 800 deberi
360 745 473 799 sciebat
490 744 644 798 labienum
651 743 878 814 Treboniumque

82 829 214 896 hortatur,
227 828 252 882 si
263 828 423 896 reipublicae
440 827 590 882 commodo
607 826 699 881 facere
709 826 826 895 possint,
839 827 878 882 ad

82 928 146 966 eam
171 912 247 966 diem
269 920 458 977 revertantur;
490 919 529 979 ut,
552 927 646 964 rursus
670 909 878 965 communicato

82 992 206 1064 consilio,
230 994 434 1065 exploratisque
461 993 584 1048 hostium
613 993 774 1062 rationibus,
799 991 877 1047 aliud

81 1074 147 1128 belli
158 1073 267 1128 initium
279 1091 379 1143 capere
390 1082 512 1144 possent

116 1157 251 1211 XXXIV.
271 1158 349 1225 Erat,
361 1166 392 1211 ut
404 1155 488 1226 supra
504 1153 762 1223 demonstravimus,
774 1170 877 1209 manus

81 1247 156 1293 certa
168 1239 252 1308 nulla,
264 1256 321 1293 non
333 1239 476 1308 oppidum,
488 1254 546 1291 non
564 1237 733 1306 praesidium,
751 1239 827 1307 quod
845 1255 877 1294 se

81 1321 165 1376 annis
186 1321 347 1376 defenderet
354 1340 362 1388 3
392 1322 444 1375 sed
464 1337 561 1375 omnes
583 1320 612 1373 in
631 1329 725 1390 partes
749 1320 878 1390 dispersa

80 1403 235 1458 multitudo.
274 1403 332 1458 Ubi
345 1403 444 1473 cuique
456 1411 504 1456 aut
517 1402 597 1456 vallis
616 1402 720 1470 abdita,
732 1412 780 1456 aut
796 1404 877 1458 locus

81 1485 221 1553 silvestris,
243 1494 292 1539 aut
314 1485 395 1555 palus
418 1484 561 1553 impedita,
583 1499 663 1551 spem
684 1482 806 1551 praesidii
826 1494 877 1540 aut

81 1567 177 1621 salutis
198 1567 321 1636 aliquam
343 1567 483 1634 offerebat,
508 1565 678 1620 consederat.
715 1567 788 1619 Haec
811 1567 877 1621 loca

80 1649 267 1703 vicinitatibus
280 1657 358 1702 erant
369 1658 443 1718 nota,
454 1663 640 1717 magnamque
648 1664 692 1702 res
701 1647 876 1718 diligentiam

81 1735 244 1803 requirebat,
257 1734 355 1787 nonin
368 1739 478 1788 summa
486 1733 620 1787 exercitus
629 1733 876 1788 tuenda—nullum

80 1816 155 1870 enim
174 1825 283 1885 poterat
303 1815 438 1870 universis
459 1816 496 1869 ab
516 1815 665 1885 perterritis
686 1832 720 1869 ac
740 1815 876 1884 dispersis

80 1897 231 1967 periculum
244 1897 465 1966 accidere-sed
476 1896 506 1949 in
524 1895 639 1965 singulis
656 1896 789 1950 militibus
808 1913 875 1951 con·

80 1981 223 2035 servandis
234 2000 242 2047 ;
270 1997 333 2050 quae
353 1989 448 2034 tamen
469 1995 502 2032 ex
525 1988 604 2046 parte
627 1995 670 2032 res
695 1978 731 2031 ad
755 1979 875 2034 salutem

79 2062 213 2118 exercitus
237 2062 400 2132 pertinebat.
445 2062 523 2114 Nam
551 2069 579 2115 et
607 2060 711 2129 praedae
734 2060 875 2128 cupiditas

79 2146 180 2199 multos
188 2143 297 2212 longiis
306 2142 448 2209 evocabat,
458 2150 486 2195 et
494 2141 571 2195 silvae
579 2141 691 2195 incertis
704 2141 875 2212 occultisque

79 2226 222 2281 itineribus
234 2224 372 2279 confertos
381 2223 457 2277 adire
469 2224 659 2292 prohibebant.
692 2223 722 2278 Si
731 2224 875 2293 negotium

79 2308 178 2362 confici
195 2307 362 2377 stirpemque
380 2305 524 2359 hominum
543 2306 738 2360 sceleratorum
755 2306 875 2362 interfici

78 2390 169 2458 vellet,
182 2388 355 2443 dimittendae
366 2388 459 2457 plures
471 2393 571 2442 maniis
581 2387 784 2459 diducendique
793 2401 875 2448 erant

78 2473 198 2527 milites:
217 2472 240 2526 si
253 2471 394 2526 continere
405 2472 443 2525 ad
461 2471 541 2540 signa
558 2471 716 2540 manipulos
733 2471 824 2540 vellet,
841 2482 875 2528 ut

78 2552 204 2607 instituta
227 2552 297 2607 ratio
326 2562 354 2607 et
384 2554 555 2608 consuetudo
584 2554 720 2608 exercitiis
750 2555 874 2610 Romani

78 2635 245 2705 postulabat,
257 2634 334 2688 locus
347 2634 406 2704 ipse
418 2645 477 2690 erat
488 2634 619 2705 praesidio
634 2636 769 2705 barbaris,
780 2653 875 2706 neque
897 2678 900 2684 -

79 2734 113 2772 ex
132 2717 239 2773 occulto
260 2716 411 2772 insidiandi
430 2726 458 2772 et
479 2718 618 2789 dispersos
638 2718 871 2775 circumveniendi
