1958 3308
91 217 123 268 ro
300 212 328 268 c,
348 210 465 284 Jurn
486 208 675 265 casnm

88 354 258 409 consistere:
276 351 358 406 simul
373 352 428 406 hoc
445 367 476 406 se
493 349 552 405 fore
570 347 688 404 tutiores
703 348 886 417 arbitrantur,

88 433 239 506 repentinae
247 432 410 488 incursionis
423 432 522 487 timore
530 431 646 486 sublato.
674 430 887 499 Quumbellum

89 517 185 574 civitas
198 524 246 570 aut
257 515 364 570 illatum
375 514 508 583 defendit,
525 521 574 568 aut
584 511 674 581 infert,
693 512 885 581 magistratr'rs,

89 601 135 671 qui
159 600 185 654 ei
208 599 282 653 bello
305 598 428 669 praesint,
452 605 484 652 ut
506 595 572 651 vitae
595 594 730 664 necisque
761 595 886 651 habeant

88 690 263 752 potestatem,
289 681 450 750 deliguntur.
490 681 524 733 ln
542 694 612 748 pace
629 677 721 731 nullus
739 687 787 732 est
810 694 885 733 com·

88 765 180 819 munis
199 764 385 833 magistratus,
406 763 457 819 sed
473 761 612 833 principes
635 759 785 828 regionum
801 770 886 831 atque

88 861 223 915 pagorum
243 844 316 898 inter
340 861 407 899 suos
429 843 474 914 jos
493 843 597 910 dicunt,
622 842 886 912 controversiasque

88 928 223 982 minuunt
279 926 436 982 Latrocinia
460 927 564 980 nullam
593 925 698 979 habent
728 924 885 994 infamiam,

89 1026 152 1081 quae
173 1018 250 1064 extra
271 1009 340 1064 fines
353 1010 486 1081 cujusque
503 1007 622 1064 civitatis
640 1004 730 1074 riunt;
749 1016 838 1077 atque
852 1024 886 1062 ea

88 1092 238 1165 juventutis
251 1093 412 1148 exercendae
432 1109 466 1148 ac
485 1091 600 1148 desidiae
618 1090 781 1145 minuendae
798 1097 887 1146 causa

89 1176 146 1231 fieri
159 1175 318 1245 praedicant
354 1177 456 1246 Atque,
467 1175 515 1229 ubi
533 1174 594 1245 quis
613 1191 646 1230 ex
663 1172 839 1243 principibus
856 1174 886 1228 in

89 1258 206 1313 concilio
224 1257 301 1326 dixit,
320 1261 338 1290 “
348 1274 379 1313 se
402 1258 502 1313 ducem
518 1258 590 1324 sore;
616 1257 664 1328 qui
684 1255 764 1326 sequi
788 1257 886 1327 velint,

89 1340 307 1411 profiteantur;”
332 1348 501 1409 consurgunt
523 1339 551 1409 ii,
575 1339 622 1409 qui
651 1347 680 1394 et
709 1355 828 1394 causam
859 1349 888 1396 et

88 1423 231 1478 hominem
249 1424 374 1494 probant,
396 1439 532 1493 suumque
554 1421 686 1477 auxilium
708 1422 886 1493 pollicentur,

89 1516 173 1576 atque
197 1507 233 1560 ab
263 1506 439 1561 multitudine
468 1505 676 1561 collaudantur:
706 1505 754 1575 qui
784 1521 821 1560 ex
852 1507 887 1562 iis

90 1587 198 1658 sequuti
222 1605 279 1642 non
303 1598 376 1658 sunt,
399 1589 429 1643 in
453 1589 623 1644 desertorum
653 1603 686 1641 ac
709 1587 888 1656 proditorum

90 1686 205 1724 numero
230 1671 373 1740 ducuntur,
396 1671 576 1742 omniumque
599 1670 633 1726 iis
663 1686 754 1724 rerum
784 1681 888 1740 postea

90 1754 160 1808 fides
172 1755 326 1822 derogatur.
365 1753 498 1824 Hospites
516 1754 619 1808 violare
634 1753 677 1808 fas
689 1769 746 1807 non
764 1761 870 1822 putant
879 1776 886 1820 ;

91 1837 139 1907 qui
162 1841 272 1907 quaque
297 1835 332 1889 de
357 1842 442 1890 causa
460 1836 497 1890 ad
516 1853 564 1891 eos
584 1836 716 1905 venerint,
733 1835 771 1889 ab
783 1836 889 1906 injuria

91 1917 245 1990 prohibent,
260 1927 427 1988 sanctosque
444 1920 566 1985 habent;
587 1920 621 1974 iis
639 1917 763 1973 omnium
782 1920 888 1976 domus

91 2008 195 2069 patent,
207 1998 352 2069 victusque
361 1999 588 2055 communicatur.

128 2084 233 2138 XXIV.
258 2083 301 2137 Ac
319 2083 370 2137 suit
388 2092 471 2138 antea
486 2091 604 2152 tempus,
622 2099 708 2154 quum
726 2082 888 2141 Germanos

95 2165 168 2219 Galli
176 2164 276 2218 virtute
289 2175 457 2233 superarent,
462 2166 532 2220 ultro
541 2166 616 2220 bella
628 2165 888 2237 inferrentpropter

92 2244 236 2298 hominurn
265 2243 470 2300 multitudinem
499 2249 612 2320 agrique
647 2249 770 2318 inopiam
806 2259 887 2307 trans

94 2326 223 2380 Rhenum
242 2325 365 2381 colonias
387 2327 534 2386 mitterent
573 2332 670 2402 ltaque
690 2347 733 2401 ea,
751 2348 815 2402 quae
832 2333 886 2388 ser-

93 2406 220 2462 tilissima
239 2420 310 2477 sunt,
333 2411 491 2466 Germaniae
508 2414 571 2469 loca
588 2415 693 2469 circum
712 2416 886 2485 Hercyniam

93 2490 328 2561 silvam-quam
350 2496 528 2550 Eratostheni
544 2505 572 2551 et
590 2498 757 2566 quibusdam
778 2499 885 2553 Graecis

93 2573 169 2626 sama
187 2581 283 2627 notam
303 2590 365 2630 esse
384 2577 475 2647 video,
496 2595 580 2649 quam
601 2580 640 2633 illi
660 2581 811 2650 Orcyniam
835 2598 884 2651 ap

94 2654 329 2725 pellant-Volcae
341 2659 511 2730 Tectosages
524 2672 737 2733 occupaverunt,
751 2672 834 2734 atque
845 2662 885 2718 ibi

93 2735 283 2795 consederunt
321 2739 392 2812 Quae
403 2757 472 2809 gens
482 2747 519 2799 acl
531 2744 585 2800 hoc
596 2751 707 2816 tempus
720 2745 754 2801 iis
772 2745 884 2801 sedibus
