1958 3308
155 216 215 270 DE
238 216 374 272 narro
400 216 582 285 aarum,
607 217 684 270 nra.
709 217 753 271 Vr.
813 232 845 273 η

56 365 131 426 taxo,
144 356 222 428 cujus
230 371 335 426 magna
343 357 372 410 in
386 356 478 411 Gallia
491 356 694 426 Germaniaque
704 357 785 427 copia
797 367 847 429 est,

57 456 88 494 se
100 439 275 494 exanimavit

92 525 217 577 XXXII.
237 521 322 590 Segni
336 521 535 591 Condrusique,
548 538 581 576 ex
592 532 676 591 gente
688 532 716 577 et
733 539 848 578 numero

58 606 269 674 Germanorum,
281 605 328 674 qui
340 614 405 658 sunt
417 604 488 658 inter
500 605 647 659 Eburones
656 606 847 676 Trevirosque,

55 688 163 755 legatos
187 687 224 740 ad
249 686 389 741 Caesarem
411 686 552 754 miserunt,
574 695 690 755 oratum,
712 705 748 743 ne
768 705 798 743 se
818 689 848 742 in

56 770 180 823 hostium
203 785 318 823 numero
342 769 461 836 duceret,
479 785 550 823 neve
568 769 692 823 omnium
714 771 848 825 German-

57 869 144 920 orum,
157 852 311 922 quiessent
324 851 393 906 citra
405 853 543 919 Rhenum,
556 869 642 906 unam
654 869 716 907 esse
733 870 847 908 causam

55 935 203 1004 judicaret:
214 935 284 988 nihil
293 951 324 988 se
331 934 366 988 de
374 934 446 987 bello
456 934 628 1002 cogitavisse,
637 935 713 988 nulla
719 935 847 990 Ambior-

55 1015 94 1083 igi
107 1015 208 1069 auxilia
218 1016 335 1070 misisse,
374 1017 477 1084 Caesar,
489 1017 630 1086 explorata
647 1033 677 1071 re
694 1018 847 1087 quaestione

56 1097 237 1167 captivorum,
256 1099 280 1151 si
298 1097 344 1168 qui
357 1099 394 1153 ad
412 1114 460 1152 eos
479 1100 625 1158 Eburones
644 1115 679 1154 ex
696 1100 763 1169 fuga
782 1117 846 1155 con·

56 1179 206 1248 venissent,
219 1180 256 1234 ad
269 1197 299 1234 se
311 1189 342 1234 ut
359 1181 560 1249 reducerentur,
578 1180 744 1250 imperavit:
766 1183 790 1236 si
807 1183 847 1237 ita

56 1262 197 1330 iecissent,
209 1263 279 1317 fines
291 1279 386 1317 eorum
399 1279 429 1317 se
441 1263 606 1318 violaturum
618 1265 736 1333 negavit
772 1268 847 1318 Tum

57 1345 145 1413 copiis
166 1344 195 1398 in
209 1354 265 1399 tres
277 1355 370 1414 partes
382 1345 545 1416 distributis,
557 1346 757 1415 impedimenta
769 1364 846 1401 omn-

55 1428 114 1480 ium
145 1427 284 1496 legionum
308 1428 484 1483 Aduatucam
508 1428 631 1483 contulit
678 1429 711 1483 Id
741 1430 846 1484 castelli

56 1525 160 1564 nomen
183 1520 232 1565 est
283 1511 347 1564 Hoc
359 1511 416 1565 sere
440 1512 535 1566 estin
558 1511 658 1565 mediis
683 1512 847 1566 Eburonum

56 1592 165 1660 finibus,
179 1592 226 1646 ubi
245 1591 367 1647 Titurius
385 1603 469 1663 atque
486 1593 686 1649 Aurunculeius
704 1595 846 1650 hiemandi

56 1680 142 1729 causa
149 1675 338 1730 consederant
358 1678 442 1730 Hunc
450 1693 535 1747 quum
542 1677 653 1748 reliquis
666 1674 847 1733 'rebuslocum

56 1757 201 1826 probabat,
222 1766 290 1825 tum,
315 1755 390 1827 quod
414 1758 560 1828 superioris
584 1761 650 1814 anni
679 1761 847 1815 munitiones

56 1841 171 1907 integrae
183 1841 343 1908 manebant,
357 1850 387 1895 ut
405 1841 524 1896 militum
541 1843 665 1897 laborem
683 1844 846 1898 sublevaret.

57 1921 192 1976 Praesidio
215 1922 419 1993 impedimentis
436 1924 573 1993 legionem
591 1925 847 1995 quatuordecimam

55 2003 174 2074 reliquit,
181 2021 268 2058 unam
278 2021 311 2058 ex
320 2005 353 2058 iis
361 2005 457 2075 tribus,
467 2022 536 2076 quas
544 2005 667 2076 proxime
677 2008 847 2076 conscriptas

56 2103 90 2140 ex
104 2085 186 2140 Italia
197 2086 395 2141 transduxerat
433 2088 469 2140 Ei
481 2087 583 2156 legioni
595 2088 748 2159 castrisque
759 2089 847 2158 Quin·

56 2168 847 2242 tumTulliumCiceronempraeficit,ducentosqueequites

55 2250 188 2306 attribuit.
445 2311 449 2316 ,

91 2334 231 2387 ΧΧΧΙΙΙ.
252 2334 357 2389 Partito
369 2334 497 2405 exercitu,
509 2335 605 2390 Titum
618 2337 772 2392 Labienum
784 2355 848 2392 cum

55 2417 210 2486 legionibus
223 2416 310 2471 tribus
322 2416 360 2472 ad
374 2418 518 2472 Oceanum
529 2435 633 2488 versus,
645 2419 675 2473 in
687 2436 734 2474 eas
746 2430 848 2489 partes,

56 2516 120 2570 quae
139 2499 289 2569 Menapios
307 2499 454 2570 attingunt,
475 2501 612 2571 proficisci
626 2503 724 2572 jubet:
750 2504 848 2558 Caium

55 2581 228 2636 Trebonium
251 2599 315 2636 curn
338 2583 399 2653 pari
422 2583 562 2652 legionum
585 2601 701 2639 numero
724 2586 762 2640 ad
786 2602 848 2640 eam

56 2663 206 2734 regionem,
228 2682 290 2735 quoe
311 2666 464 2721 Aduatucis
485 2666 602 2736 adjacet,
624 2667 848 2737 depopulandam

56 2746 156 2802 mittit:
174 2748 234 2818 ipse
247 2764 311 2803 cum
328 2749 439 2818 reliquis
457 2749 545 2804 tribus
564 2750 601 2803 ad
620 2750 723 2805 flumen
744 2751 847 2818 Sabim,
