1958 3308
165 221 184 283 6
376 226 406 284 r.
425 224 542 300 JtJLJJ
563 225 747 281 cAEsAan

165 367 282 422 transire
302 375 331 422 et
350 366 445 438 iniquo
468 368 531 422 loco
551 367 680 437 proelium
705 365 878 421 committere
896 380 957 418 non

166 448 301 503 dubitant
339 450 409 518 Quae
420 450 478 503 fore
490 449 646 519 suspicatus
659 448 806 517 Labienus,
815 455 845 500 ut
857 463 956 501 omnes

165 531 235 586 citra
243 532 346 588 flumen
353 531 471 600 eliceret,
478 532 649 587 cademusus
657 531 832 586 simulatione
841 528 957 598 itineris,

165 613 275 683 placide
298 615 530 683 progrediebatur.
566 616 650 683 Turn,
667 612 818 683 praemissis
841 610 956 680 paulirm

166 695 372 765 impedimentis
393 706 476 768 atque
494 697 523 752 in
541 697 647 751 tumulo
664 697 787 766 quodam
804 694 956 762 collocatis,

167 779 339 849 “Habetis'’
358 779 455 850 inquit,
480 783 498 812 “
506 780 616 849 milites,
634 796 718 849 quam
735 776 853 847 petistis,
870 776 956 830 facul-

166 869 271 916 tatem:
288 862 400 917 hostem
416 862 549 932 impedito
562 871 645 933 atque
656 862 751 932 iniquo
762 861 824 914 loco
836 859 937 913 tenetis
950 899 957 914 .

166 952 296 1014 praestate
322 944 440 999 eandem
463 944 545 999 nobis
568 944 685 999 ducibus
708 944 846 1012 virtutem,
870 958 958 1011 quam

167 1043 357 1096 saepenumero
369 1027 527 1098 imperatori
539 1027 705 1098 praestitistis
717 1043 723 1082 :
740 1026 840 1080 adesse
852 1041 917 1078 eum
928 1034 957 1079 et

166 1109 228 1164 haec
249 1127 344 1164 coram
365 1127 476 1166 cernere
493 1110 670 1165 existimate.”
714 1108 803 1164 Simul
821 1108 902 1177 signa
918 1108 958 1161 ad

168 1193 277 1246 hostem
297 1193 419 1247 converti
440 1193 584 1264 aciemque
603 1192 684 1261 dirigi
701 1191 788 1261 jubet,
806 1199 843 1259 et,
859 1189 958 1259 paucis

167 1273 264 1329 turmis
282 1263 460 1344 praesidio'ad
472 1275 671 1345 impedimenta
687 1273 818 1343 dimissis,
835 1273 958 1342 reliquos

168 1358 273 1428 equites
286 1358 323 1411 ad
334 1358 421 1412 latera
433 1358 561 1427 disponit
595 1356 726 1412 Celeriter
736 1355 823 1410 nostri
835 1355 958 1408 clamore

168 1441 284 1506 subiato,
294 1441 351 1509 pila
368 1440 397 1493 in
415 1440 509 1494 hostes
526 1440 684 1494 immittunt
723 1438 775 1507 llli,
791 1437 839 1491 ubi
857 1445 959 1506 praeter

168 1538 255 1591 spem,
268 1539 338 1592 quos
355 1522 449 1590 fugere
467 1523 625 1591 credebant,
642 1523 749 1577 infestis
768 1520 853 1589 signis
871 1520 908 1573 ad
926 1536 958 1574 se

169 1605 208 1658 ire
224 1604 360 1672 viderunt,
376 1604 510 1672 impetum
530 1605 614 1659 modd
634 1606 705 1659 ferre
724 1621 781 1658 non
801 1611 959 1672 potuerunt,

168 1703 209 1755 ac,
231 1687 322 1757 primo
346 1703 480 1741 concursu
504 1688 533 1742 in
556 1689 651 1757 fugam
674 1688 799 1757 conjecti,
816 1686 959 1758 proximas

169 1770 253 1825 silvas
273 1770 428 1840 petierunt:
448 1787 518 1839 quos
538 1771 675 1825 Labienus
692 1771 815 1841 equitatu
833 1778 958 1824 consect-

169 1862 239 1922 atus,
252 1869 481 1930 magnonumero
496 1853 648 1921 interfecto,
661 1853 847 1923 compluribus
860 1851 960 1922 captis,

170 1935 266 2004 paucis
274 1929 338 2006 szt
348 1935 444 1990 diebus
457 1935 598 1990 civitatem
609 1935 728 2005 recepit:
739 1952 806 1988 nam
817 1935 959 2002 Germani,

171 2018 218 2086 qui
238 2019 339 2073 auxilio
361 2019 519 2087 veniebant,
538 2024 668 2087 percepta
688 2018 864 2071 Trevirorum
883 2016 960 2085 fuga,

171 2116 232 2154 sese
253 2102 367 2155 domum
388 2102 569 2156 contulerunt.
607 2101 678 2154 Cum
695 2100 729 2154 iis
747 2099 893 2170 propinqui
912 2101 960 2153 In-

171 2182 326 2250 dutiomari,
336 2182 384 2251 qui
396 2183 557 2237 desectionis
569 2192 695 2238 auctores
706 2183 822 2250 fuerant,
835 2181 960 2236 comitati

172 2282 228 2333 eos,
247 2281 282 2320 ex
302 2264 413 2318 civitate
434 2281 583 2320 excessere.
621 2265 798 2335 Cingetorigi,
819 2281 902 2334 quem
922 2264 961 2316 ab

170 2348 250 2403 initio
264 2347 451 2417 permansisse
462 2348 491 2402 in
504 2349 594 2403 officio
610 2348 869 2416 demonstravimus,
885 2345 961 2417 prin·

172 2430 280 2499 cipatus
292 2439 375 2500 atque
386 2430 533 2501 imperium
545 2441 587 2487 est
599 2432 738 2487 traditum.

209 2515 259 2568 lm
279 2515 381 2583 Caesar,
399 2524 547 2585 postquam
570 2531 605 2569 ex
622 2513 762 2583 Menapiis
785 2513 814 2567 in
831 2511 962 2566 Treviros

172 2597 256 2665 venit,
264 2596 372 2650 duabus
384 2596 420 2650 de
431 2596 523 2652 causis
532 2597 662 2651 Menum
674 2595 791 2652 transire
803 2593 962 2648 constituit:

172 2696 289 2751 quarum
300 2687 359 2734 erat
370 2679 465 2748 altera,
477 2679 553 2751 qudd
570 2679 670 2733 auxilia
689 2687 785 2732 contra
797 2694 827 2732 se
839 2676 963 2730 Treviris

173 2763 305 2818 miserant
312 2781 321 2830 ς
345 2763 441 2832 altera,
461 2777 498 2818 ne
520 2761 664 2817 Ambiorix
685 2762 725 2817 ad
749 2778 796 2817 eos
820 2769 962 2830 receptum
