1958 3308
124 233 127 240 ·
202 229 263 285 oa
284 230 419 287 narro
444 231 625 302 ommim,
650 229 727 288 Lm
752 232 796 288 W.
879 246 898 304 9

91 360 96 394 ³
108 387 204 425 eorum
216 380 295 427 erant
307 373 449 443 cilentelae,
463 373 618 428 Germanos
634 380 717 443 atque
729 371 896 428 Ariovistum

108 454 161 508 sibi
192 455 383 525 adjunxerant,
406 472 509 526 eosque
532 457 570 512 ad
593 473 624 512 se
647 458 756 527 magnIs
782 459 897 528 jacturis

99 537 404 608 ‘pollicitationibusque
443 539 633 609 perduxerant
688 540 796 594 Proeliis
831 536 896 595 verb

80 653 82 658 ·
107 621 293 688 compluribus
310 621 546 697 factis‘secundis,
559 631 641 692 atque
660 622 734 676 omni
753 622 897 676 nobilitate

106 703 262 756 AEduorum
271 703 422 772 interfecta,
432 703 541 758 tantim
549 704 674 774 potentia
682 714 896 774 antecesserant,

105 793 137 838 ut
160 802 291 854 magnam
320 795 428 855 partem
456 786 597 841 clientium
621 787 657 840 ab
680 786 780 840 AEduis
805 786 842 840 ad
866 803 896 841 se

106 868 324 938 transducerent,
345 868 512 939 obsidesque
532 869 569 922 ab
589 869 622 922 iis
646 868 801 939 principum
824 868 895 923 filios

106 950 271 1020 acciperent,
296 958 324 1006 ei
350 951 459 1021 publice
486 951 579 1020 jurare
608 960 744 1020 cogerent,
769 951 839 1005 nihil
865 968 895 1006 se

106 1041 203 1086 contra
212 1035 355 1103 Sequanos
368 1033 475 1087 consilii
488 1033 615 1098 initur0s;
630 1042 658 1089 et
666 1042 774 1102 partem
785 1033 895 1088 finitimi

104 1116 173 1184 agri,
191 1133 240 1185 per
259 1117 317 1170 vim
338 1126 510 1186 occupatam,
528 1115 701 1185 possiderent
711 1135 719 1182 ;
743 1115 895 1186 Galliaeque

105 1198 189 1252 totius
219 1198 404 1269 principatum
434 1198 596 1254 obtinerent
639 1200 702 1267 Qua
731 1199 895 1253 necessitate

104 1280 241 1335 adductus
254 1273 419 1349 Divitiacus,
430 1280 523 1335 auxilii
541 1280 653 1350 petendi
672 1287 756 1334 causa
774 1282 893 1335 Romam

106 1364 144 1417 ad
154 1364 288 1418 Senatum
299 1363 446 1433 profectus,
454 1362 557 1419 infecta
567 1379 597 1416 re
609 1363 734 1417 redierat
764 1362 894 1417 Adventu

106 1444 894 1514 Caesarissactacommutationererum,obsidibusAEduis

104 1528 226 1596 redditis,
250 1529 389 1583 veteribus
415 1528 549 1583 clientelis
575 1526 716 1596 restitutis,
739 1527 818 1581 novis
844 1545 895 1598 per

105 1611 246 1664 Caesarem
267 1609 545 1681 comparatis-qubd
564 1609 603 1678 bi,
622 1609 668 1679 qui
690 1626 720 1664 se
741 1609 779 1664 ad
799 1626 893 1665 eorum

103 1692 256 1747 amicitiam
267 1702 492 1762 aggregaverant,
504 1691 617 1748 meliore
635 1691 793 1747 conditione
811 1701 894 1762 atque

103 1774 224 1844 aequiore
250 1776 366 1844 imperio
391 1792 421 1830 se
444 1776 484 1829 uti
507 1775 786 1845 videbant-reliquis
811 1777 894 1831 rebus

103 1873 208 1926 eorum,
219 1858 316 1926 gratia,
329 1858 465 1926 dignitate
484 1857 660 1927 amplificata,
674 1858 797 1928 Sequani
819 1859 892 1928 prIn·

103 1939 226 2007 cipatum
247 1939 416 1992 dimiserant.
454 1940 488 1992 In
504 1954 600 1993 eorum
620 1938 714 1992 Iocum
732 1937 814 1991 Remi
832 1954 893 1992 suc·

103 2029 264 2075 cesserant:
289 2037 358 2090 quos
384 2020 459 2091 quod
483 2020 630 2090 adaequare
653 2020 729 2090 apud
753 2021 893 2075 Caesarem

102 2103 193 2171 gratia
210 2102 419 2172 intelligebatur,
432 2103 460 2172 ii,
473 2103 519 2172 qui
533 2112 646 2172 propter
662 2112 769 2157 veteres
786 2102 893 2157 inimic·

102 2185 167 2240 itias
184 2186 361 2241 nullomodo
379 2202 443 2240 cum
454 2184 555 2239 AEduis
568 2185 696 2255 conjungi
714 2193 850 2254 poterant,
863 2200 894 2238 se
927 2178 929 2184 '

103 2267 200 2321 Remis
218 2267 247 2320 in
265 2267 422 2322 clientelam
436 2267 575 2321 dicabant
611 2267 673 2321 Hos
691 2266 730 2320 illi
749 2267 894 2337 diligenter

84 2349 257 2403 tuebantur.
299 2351 343 2403 Ita
369 2358 397 2403 et
424 2365 526 2402 novam
552 2357 580 2403 et
606 2348 719 2417 repente
748 2350 893 2403 collectam

102 2431 295 2486 auctoritatem
312 2432 451 2486 tenebant
490 2433 534 2483 Eo
552 2439 612 2484 tum
630 2438 703 2484 statu
721 2447 764 2484 res
783 2439 850 2498 erat,
863 2440 893 2485 ut

102 2513 184 2582 longe
196 2513 334 2582 principes
346 2513 513 2568 haberentur
524 2511 619 2580 AEdui,
631 2512 784 2566 secundum
801 2512 892 2566 locum

101 2595 245 2665 dignitatis
258 2595 339 2651 Remi
351 2596 513 2650 othnerent.

137 2680 222 2734 XIII.
242 2680 277 2733 In
286 2679 362 2734 omni
373 2679 464 2734 Gallis
476 2693 569 2731 eorum
583 2677 735 2747 hominum,
745 2677 791 2748 qui
800 2677 893 2746 aliquo

102 2771 167 2817 sunt
184 2778 298 2817 numero
316 2772 399 2833 atque
416 2763 528 2830 honore,
541 2776 644 2831 genera
658 2769 722 2814 sunt
734 2760 808 2813 duo:
826 2773 893 2811 nam
