1958 3308
56 209 86 252 η
266 195 431 272 cJuzrr
453 195 637 256 carnum

88 340 150 394 XV.
185 337 312 394 Alterum
323 357 410 409 genus
423 341 607 412 estequitum.
644 338 692 409 Hi,
704 356 792 411 quum
805 349 850 398 ert

53 438 126 490 usus,
152 428 236 492 atque
259 423 373 492 aliquod
395 425 500 479 bellum
524 423 750 493 incidit-quod
779 433 850 480 ante

55 503 173 558 Caesaris
191 506 342 560 adventum
354 507 410 561 fere
422 507 571 576 quotannis
583 506 709 561 accidere
727 506 848 576 solebat,

54 586 93 640 uti
105 596 153 642 aut
164 587 218 657 ipsi
235 588 349 658 injurias
368 589 507 657 inferrent,
525 590 573 643 aut
591 589 682 642 illatas
700 589 848 658 propulsa·

53 677 246 724 rent-omnes
268 670 297 723 in
315 670 389 725 bello
407 679 570 726 versantur:
589 679 673 740 atque
695 686 791 724 eorum
815 677 849 726 ut

54 751 170 821 quisque
182 761 224 806 est
236 767 337 821 genere
348 751 490 822 copiisque
502 752 698 821 amplissimus,
711 752 751 806 ita
762 751 848 822 pluri·

54 849 116 888 mos
128 834 232 888 circum
244 849 275 888 se
286 834 430 888 ambactos
443 833 611 904 clientesque
622 835 733 888 habent
761 836 849 889 Hanc

54 932 139 969 unam
151 916 269 985 gratiam
281 916 488 986 potentiamque
499 925 642 972 noverunt

89 997 168 1052 XVI.
200 998 287 1052 Natio
310 1007 353 1053 est
377 998 501 1053 omnium
527 999 670 1053 Gallorum
693 997 848 1055 admodum

55 1078 150 1133 dedita
161 1078 338 1147 religionibus
341 1096 349 1142 ;
359 1088 442 1149 atque
454 1081 491 1134 ob
503 1096 566 1135 eam
578 1096 702 1149 causam,
714 1081 761 1150 qui
780 1091 849 1137 sunt

56 1162 147 1216 allecti
159 1161 329 1231 gravioribus
341 1162 455 1231 morbis,
467 1163 568 1234 quique
577 1164 607 1218 in
616 1163 720 1234 proeliis
729 1164 848 1233 pericul-

56 1247 135 1315 isque
146 1253 296 1314 versantur,
304 1253 353 1300 aut
359 1262 409 1314 pro
418 1245 537 1300 victimis
549 1248 677 1302 homines
689 1246 847 1316 immolant,

55 1337 103 1382 aut
123 1343 153 1382 se
170 1326 360 1382 immolaturos
379 1337 488 1398 vovent,
508 1329 734 1399 administrisque
751 1328 788 1382 ad
811 1345 849 1383 ea

56 1410 192 1465 sacrificia
204 1411 358 1465 Druidibus
367 1419 496 1478 utuntur3
506 1411 589 1481 quod,
597 1429 648 1482 pro
657 1411 715 1466 viti
723 1411 847 1466 hominis

56 1493 111 1546 nisi
120 1492 241 1546 hominis
254 1494 311 1547 vita
322 1493 462 1562 reddatur,
475 1510 532 1548 non
543 1510 627 1564 posse
639 1494 718 1548 aliter
729 1493 848 1550 deorum

57 1574 255 1630 immortalium
266 1592 370 1630 numen
382 1576 485 1645 placari
493 1578 670 1631 arbitrantur:
682 1577 848 1647 publiceque

57 1657 182 1727 ejusdem
193 1659 301 1727 generis
309 1660 415 1714 babent
426 1660 551 1716 instituta
563 1660 706 1716 sacrificia.
731 1659 786 1714 Alii
794 1660 846 1714 im-

57 1741 133 1794 mani
145 1742 337 1810 magnitudine
355 1744 503 1799 simulacra
519 1745 631 1812 habent,
645 1760 762 1814 quorum
779 1758 845 1798 con·

57 1831 133 1878 texta
144 1823 293 1879 viminibus
306 1828 432 1881 membra
442 1827 512 1881 vivis
523 1827 683 1881 hominibus
696 1826 846 1896 complent,

57 1906 158 1977 quibus
176 1907 325 1977 succensis,
337 1908 516 1964 circumventi
528 1909 642 1964 flamma
653 1909 847 1964 exanimantur

57 1988 192 2046 homines.
230 1990 372 2060 Supplicia
395 2008 497 2059 eorum,
522 1992 568 2060 qui
593 1992 623 2046 in
640 1993 721 2061 furto,
745 1999 792 2045 aut
816 1990 846 2044 in

56 2072 264 2141 latrocinio‚aut
271 2074 364 2143 aliqua
370 2080 444 2128 noxa
451 2074 506 2128 sint
516 2075 717 2143 comprehensi,
725 2073 847 2143 gratiora

57 2155 111 2209 diis
123 2154 325 2208 immortalibus
337 2172 399 2210 esse
411 2156 577 2211 arbitrantur
590 2175 597 2211 :
614 2156 673 2225 sed,
690 2172 776 2225 quum
787 2156 847 2226 ejus

56 2237 165 2305 generis
178 2236 260 2305 copia
272 2235 372 2305 deficit,
392 2238 430 2291 ad
446 2237 635 2294 innocentium
653 2238 789 2307 supplicia
799 2238 848 2293 de·

58 2319 204 2374 scendunt

92 2403 188 2460 XVII.
208 2406 301 2460 Deum
312 2404 432 2460 maxime
450 2405 620 2461 Mercurium
636 2406 748 2461 colunt:
765 2405 847 2475 hujus

58 2496 123 2542 sunt
135 2487 255 2557 plurima
266 2488 420 2558 simulacra,
439 2490 514 2544 hunc
533 2489 657 2543 omniurn
674 2488 847 2545 inuentorem

58 2569 160 2624 artium
171 2569 270 2640 lerunt,
282 2570 356 2625 hunc
367 2571 475 2625 viarum
492 2581 576 2642 atque
594 2572 722 2626 itinerum
739 2571 847 2641 ducem,

57 2652 133 2707 hunc
154 2653 191 2707 ad
215 2659 336 2722 quaestr'rs
354 2654 479 2722 pecuniae
497 2663 721 2725 mercaturasque
744 2655 849 2710 babere

59 2733 116 2790 vim
127 2734 278 2790 maximam
294 2735 468 2791 arbitrantur.
505 2738 572 2791 Post
589 2736 672 2806 hunc,
689 2735 849 2805 Apollinem
